record_id,date,ceo_id,first_name,last_name,date_of_birth,total_revenue,total_expenses,state,postal_codes,compani_name,industry,email
1464,2019-12-31,1041,Sarah,James,1971-05-10,468.47,198.0,New Yoke,93122,Cook-Riddle,Oil and Gas,sarah.james@Cook.net
512,2018-08-31,1015,Jacqueline,Sanford,1959-08-25,501.97,194.0,New Yoke,11712,Smith Ltd,Retail,jacqueline.sanford@Smith.net
614,2018-02-28,1018,Jessica,White,1957-10-05,493.35,205.0,California,11485,Martinez Group,IT,jessica.white@Martinez.net
1324,2020-04-30,1037,Renee,Fleming,1991-11-02,508.73,200.0,Florida,10751,"Franklin, Mcconnell and Ortega",IT,renee.fleming@Franklin.com
995,2019-11-30,1028,Mary,Rodriguez,1953-02-10,512.91,203.0,Texas,10926,Newton PLC,Education,mary.rodriguez@Newton.edu
191,2018-11-30,1006,Chad,Leon,1984-06-22,511.6,207.0,California,14701,"Short, Washington and Green",Education,chad.leon@Short.edu
1718,2020-02-29,1048,Tyler,Kelley,1982-09-23,495.17,198.0,New Yoke,94491,"Stewart, Hawkins and Nichols",Retail,tyler.kelley@Stewart.com
1050,2018-06-30,1030,Melissa,Ryan,1982-02-09,491.05,194.0,Pennsylvania,14417,"Morton, Carr and Howell",Oil and Gas,melissa.ryan@Morton.com
1409,2018-05-31,1040,Sara,Ellis,1976-08-19,503.42,201.0,Florida,93757,Riley-Warren,Retail,sara.ellis@Riley.net
883,2019-07-31,1025,Kristin,Bennett,1971-01-29,500.95,194.0,Pennsylvania,13089,Mack-Bridges,IT,kristin.bennett@Mack.io
902,2018-02-28,1026,Marcus,Burgess,1996-04-12,502.04,198.0,New Yoke,11661,"Knox, Keller and Reynolds",Financial,marcus.burgess@Knox.com
1429,2020-01-31,1040,Sara,Ellis,1976-08-19,502.74,207.0,Florida,93757,Riley-Warren,Retail,sara.ellis@Riley.net
159,2019-03-31,1005,Brittany,Dean,1987-10-25,500.17,212.0,Florida,12093,"Scott, Howard and Vaughn",IT,brittany.dean@Scott.io
1203,2019-03-31,1034,Michele,Rice,1981-06-02,501.84,202.0,Texas,14334,"Kelly, Johnson and Perez",Oil and Gas,michele.rice@Kelly.net
681,2020-09-30,1019,Joel,Byrd,1991-07-04,503.98,206.0,California,10355,"Williams, Woodard and Martinez",IT,joel.byrd@Williams.io
121,2019-01-31,1004,Brian,Young,1961-06-28,499.75,193.0,California,11934,Turner Ltd,Education,brian.young@Turner.edu
1709,2019-05-31,1048,Tyler,Kelley,1982-09-23,472.09,206.0,New Yoke,94491,"Stewart, Hawkins and Nichols",Retail,tyler.kelley@Stewart.com
1629,2018-09-30,1046,Tim,Beasley,1950-08-16,512.73,199.0,New Yoke,90626,Ross PLC,IT,tim.beasley@Ross.io
276,2019-12-31,1008,Christopher,Perez,1960-11-07,491.32,198.0,Florida,11858,Wood Group,Oil and Gas,christopher.perez@Wood.io
1215,2020-03-31,1034,Michele,Rice,1981-06-02,490.87,199.0,Texas,14334,"Kelly, Johnson and Perez",Oil and Gas,michele.rice@Kelly.net
383,2019-11-30,1011,David,Chavez,1976-03-17,484.61,205.0,Texas,13706,Glenn-Vincent,Retail,david.chavez@Glenn.io
49,2019-01-31,1002,Ashley,Blanchard,1949-04-10,501.2,194.0,New Yoke,10464,Davis LLC,Education,ashley.blanchard@Davis.edu
539,2020-11-30,1015,Jacqueline,Sanford,1959-08-25,482.12,199.0,New Yoke,11712,Smith Ltd,Retail,jacqueline.sanford@Smith.net
48,2018-12-31,1002,Ashley,Blanchard,1949-04-10,521.0,200.0,New Yoke,10464,Davis LLC,Education,ashley.blanchard@Davis.edu
1276,2019-04-30,1036,Rachel,Murphy,1967-10-17,488.13,197.0,California,12693,Brown-Smith,Education,rachel.murphy@Brown.edu
109,2018-01-31,1004,Brian,Young,1961-06-28,497.34,195.0,California,11934,Turner Ltd,Education,brian.young@Turner.edu
509,2018-05-31,1015,Jacqueline,Sanford,1959-08-25,493.99,198.0,New Yoke,11712,Smith Ltd,Retail,jacqueline.sanford@Smith.net
806,2019-02-28,1023,Kenneth,Buckley,1965-02-25,497.62,201.0,Florida,12375,Stafford-Miller,Oil and Gas,kenneth.buckley@Stafford.com
1412,2018-08-31,1040,Sara,Ellis,1976-08-19,489.94,206.0,Florida,93757,Riley-Warren,Retail,sara.ellis@Riley.net
1061,2019-05-31,1030,Melissa,Ryan,1982-02-09,498.29,201.0,Pennsylvania,14417,"Morton, Carr and Howell",Oil and Gas,melissa.ryan@Morton.com
259,2018-07-31,1008,Christopher,Perez,1960-11-07,504.3,202.0,Florida,11858,Wood Group,Oil and Gas,christopher.perez@Wood.io
1107,2020-03-31,1031,Melissa,Smith,1946-04-06,482.25,200.0,California,10101,Harrison Group,Education,melissa.smith@Harrison.edu
282,2020-06-30,1008,Christopher,Perez,1960-11-07,495.62,189.0,Florida,11858,Wood Group,Oil and Gas,christopher.perez@Wood.io
1475,2020-11-30,1041,Sarah,James,1971-05-10,509.57,207.0,New Yoke,93122,Cook-Riddle,Oil and Gas,sarah.james@Cook.net
429,2020-09-30,1012,David,Wells,1977-09-20,500.17,198.0,Florida,13888,Adams-Rice,IT,david.wells@Adams.net
959,2019-11-30,1027,Mary,Wong,1989-07-22,504.48,196.0,Florida,13932,"Castillo, Ramirez and Mitchell",Oil and Gas,mary.wong@Castillo.net
1315,2019-07-31,1037,Renee,Fleming,1991-11-02,501.49,205.0,Florida,10751,"Franklin, Mcconnell and Ortega",IT,renee.fleming@Franklin.com
112,2018-04-30,1004,Brian,Young,1961-06-28,503.15,196.0,California,11934,Turner Ltd,Education,brian.young@Turner.edu
1014,2018-06-30,1029,Melissa,Kelley,1982-09-22,511.31,206.0,Florida,14491,"Jones, George and Obrien",Retail,melissa.kelley@Jones.net
1385,2019-05-31,1039,Samantha,Clark,1959-09-15,493.99,190.0,Texas,91720,Green Inc,Retail,samantha.clark@Green.net
793,2018-01-31,1023,Kenneth,Buckley,1965-02-25,504.26,196.0,Florida,12375,Stafford-Miller,Oil and Gas,kenneth.buckley@Stafford.com
331,2018-07-31,1010,David,Duncan,1984-04-23,504.38,205.0,Texas,14681,"Johnson, Olson and Smith",Education,david.duncan@Johnson.edu
1575,2020-03-31,1044,Theresa,Ortiz,1973-03-24,486.39,197.0,Pennsylvania,93347,Meyer-Miles,Financial,theresa.ortiz@Meyer.net
232,2019-04-30,1007,Christopher,Nguyen,1967-06-18,502.02,207.0,Pennsylvania,12653,Gould-Foster,Retail,christopher.nguyen@Gould.io
1053,2018-09-30,1030,Melissa,Ryan,1982-02-09,480.24,197.0,Pennsylvania,14417,"Morton, Carr and Howell",Oil and Gas,melissa.ryan@Morton.com
774,2019-06-30,1022,Karen,Mullen,1954-12-23,500.96,209.0,Pennsylvania,11150,Sanchez PLC,Oil and Gas,karen.mullen@Sanchez.com
1483,2018-07-31,1042,Tammy,Fowler,1988-12-09,508.06,192.0,Florida,95239,"Rodriguez, Figueroa and Sanchez",Financial,tammy.fowler@Rodriguez.net
1217,2020-05-31,1034,Michele,Rice,1981-06-02,502.62,205.0,Texas,14334,"Kelly, Johnson and Perez",Oil and Gas,michele.rice@Kelly.net
854,2020-02-29,1024,Kimberly,Joseph,1993-11-25,510.37,201.0,California,13137,"Reyes, Aguilar and Robinson",Education,kimberly.joseph@Reyes.edu
1577,2020-05-31,1044,Theresa,Ortiz,1973-03-24,506.67,202.0,Pennsylvania,93347,Meyer-Miles,Financial,theresa.ortiz@Meyer.net
595,2019-07-31,1017,Jesse,Boyd,1980-12-11,500.35,205.0,,14277,"Perry, Turner and Diaz",Education,jesse.boyd@Perry.edu
1437,2020-09-30,1040,Sara,Ellis,1976-08-19,484.63,192.0,Florida,93757,Riley-Warren,Retail,sara.ellis@Riley.net
1703,2018-11-30,1048,Tyler,Kelley,1982-09-23,499.89,206.0,New Yoke,94491,"Stewart, Hawkins and Nichols",Retail,tyler.kelley@Stewart.com
480,2018-12-31,1014,Isaiah,Rodriguez,1952-09-11,493.05,200.0,Florida,10876,Gilbert Ltd,Retail,isaiah.rodriguez@Gilbert.com
1672,2019-04-30,1047,Tonya,Bell,1969-05-15,492.14,203.0,New Yoke,92883,Brown-Spencer,IT,tonya.bell@Brown.com
1590,2018-06-30,1045,Tiffany,Nelson,1963-12-05,505.41,205.0,Florida,92228,Butler-Scott,Education,tiffany.nelson@Butler.edu
1506,2020-06-30,1042,Tammy,Fowler,1988-12-09,508.35,195.0,Florida,95239,"Rodriguez, Figueroa and Sanchez",Financial,tammy.fowler@Rodriguez.net
1644,2019-12-31,1046,Tim,Beasley,1950-08-16,488.64,194.0,New Yoke,90626,Ross PLC,IT,tim.beasley@Ross.io
269,2019-05-31,1008,Christopher,Perez,1960-11-07,502.76,199.0,Florida,11858,Wood Group,Oil and Gas,christopher.perez@Wood.io
961,2020-01-31,1027,Mary,Wong,1989-07-22,501.04,203.0,Florida,13932,"Castillo, Ramirez and Mitchell",Oil and Gas,mary.wong@Castillo.net
927,2020-03-31,1026,Marcus,Burgess,1996-04-12,497.14,205.0,New Yoke,11661,"Knox, Keller and Reynolds",Financial,marcus.burgess@Knox.com
1747,2019-07-31,1049,Tyler,Jones,1949-12-23,501.36,202.0,California,90548,Cooper Inc,Education,tyler.jones@Cooper.edu
1557,2018-09-30,1044,Theresa,Ortiz,1973-03-24,498.43,199.0,Pennsylvania,93347,Meyer-Miles,Financial,theresa.ortiz@Meyer.net
538,2020-10-31,1015,Jacqueline,Sanford,1959-08-25,496.47,196.0,New Yoke,11712,Smith Ltd,Retail,jacqueline.sanford@Smith.net
1136,2019-08-31,1032,Michael,Jones,1950-09-11,495.62,194.0,Florida,10635,House and Sons,Oil and Gas,michael.jones@House.com
1784,2019-08-31,1050,Vincent,Jimenez,1979-04-14,493.44,203.0,New Yoke,94076,Foley-Diaz,Oil and Gas,vincent.jimenez@Foley.com
563,2019-11-30,1016,James,Ward,1970-01-10,513.86,194.0,Texas,12962,Harrison-Mitchell,Retail,james.ward@Harrison.net
1043,2020-11-30,1029,Melissa,Kelley,1982-09-22,504.81,191.0,Florida,14491,"Jones, George and Obrien",Retail,melissa.kelley@Jones.net
303,2019-03-31,1009,Darrell,Ford,1976-12-07,491.7,192.0,Pennsylvania,13793,Austin-Adams,Education,darrell.ford@Austin.edu
1554,2018-06-30,1044,Theresa,Ortiz,1973-03-24,507.84,195.0,Pennsylvania,93347,Meyer-Miles,Financial,theresa.ortiz@Meyer.net
1446,2018-06-30,1041,Sarah,James,1971-05-10,521.53,205.0,New Yoke,93122,Cook-Riddle,Oil and Gas,sarah.james@Cook.net
1798,2020-10-31,1050,Vincent,Jimenez,1979-04-14,519.99,194.0,New Yoke,94076,Foley-Diaz,Oil and Gas,vincent.jimenez@Foley.com
1532,2019-08-31,1043,Taylor,Johnson,1948-01-19,476.82,195.0,Pennsylvania,90316,Mitchell and Sons,IT,taylor.johnson@Mitchell.com
1503,2020-03-31,1042,Tammy,Fowler,1988-12-09,497.29,205.0,Florida,95239,"Rodriguez, Figueroa and Sanchez",Financial,tammy.fowler@Rodriguez.net
268,2019-04-30,1008,Christopher,Perez,1960-11-07,502.62,193.0,Florida,11858,Wood Group,Oil and Gas,christopher.perez@Wood.io
1037,2020-05-31,1029,Melissa,Kelley,1982-09-22,525.65,187.0,Florida,14491,"Jones, George and Obrien",Retail,melissa.kelley@Jones.net
1424,2019-08-31,1040,Sara,Ellis,1976-08-19,487.63,200.0,Florida,93757,Riley-Warren,Retail,sara.ellis@Riley.net
1420,2019-04-30,1040,Sara,Ellis,1976-08-19,509.42,206.0,Florida,93757,Riley-Warren,Retail,sara.ellis@Riley.net
1388,2019-08-31,1039,Samantha,Clark,1959-09-15,519.84,185.0,Texas,91720,Green Inc,Retail,samantha.clark@Green.net
555,2019-03-31,1016,James,Ward,1970-01-10,498.57,196.0,Texas,12962,Harrison-Mitchell,Retail,james.ward@Harrison.net
1005,2020-09-30,1028,Mary,Rodriguez,1953-02-10,484.89,195.0,Texas,10926,Newton PLC,Education,mary.rodriguez@Newton.edu
1265,2018-05-31,1036,Rachel,Murphy,1967-10-17,503.29,204.0,California,12693,Brown-Smith,Education,rachel.murphy@Brown.edu
1580,2020-08-31,1044,Theresa,Ortiz,1973-03-24,502.13,197.0,Pennsylvania,93347,Meyer-Miles,Financial,theresa.ortiz@Meyer.net
1561,2019-01-31,1044,Theresa,Ortiz,1973-03-24,497.52,185.0,Pennsylvania,93347,Meyer-Miles,Financial,theresa.ortiz@Meyer.net
1350,2019-06-30,1038,Ricky,Fowler,1988-12-10,514.31,199.0,Texas,95239,"Fisher, Webster and Garcia",Education,ricky.fowler@Fisher.edu
404,2018-08-31,1012,David,Wells,1977-09-20,512.33,197.0,Florida,13888,Adams-Rice,IT,david.wells@Adams.net
76,2018-04-30,1003,Brenda,Young,1961-08-14,479.78,211.0,California,11950,Watkins and Sons,Retail,brenda.young@Watkins.net
337,2019-01-31,1010,David,Duncan,1984-04-23,479.63,206.0,Texas,14681,"Johnson, Olson and Smith",Education,david.duncan@Johnson.edu
874,2018-10-31,1025,Kristin,Bennett,1971-01-29,514.18,211.0,Pennsylvania,13089,Mack-Bridges,IT,kristin.bennett@Mack.io
1553,2018-05-31,1044,Theresa,Ortiz,1973-03-24,492.22,202.0,Pennsylvania,93347,Meyer-Miles,Financial,theresa.ortiz@Meyer.net
1764,2020-12-31,1049,Tyler,Jones,1949-12-23,506.08,202.0,California,90548,Cooper Inc,Education,tyler.jones@Cooper.edu
407,2018-11-30,1012,David,Wells,1977-09-20,478.58,194.0,Florida,13888,Adams-Rice,IT,david.wells@Adams.net
436,2018-04-30,1013,Fred,Green,1963-01-19,499.5,193.0,California,12122,Roberts-Blankenship,Oil and Gas,fred.green@Roberts.net
727,2018-07-31,1021,Joseph,Martin,1956-08-25,501.08,195.0,Texas,11352,Butler Group,Retail,joseph.martin@Butler.com
750,2020-06-30,1021,Joseph,Martin,1956-08-25,492.75,202.0,Texas,11352,Butler Group,Retail,joseph.martin@Butler.com
1087,2018-07-31,1031,Melissa,Smith,1946-04-06,498.0,209.0,California,10101,Harrison Group,Education,melissa.smith@Harrison.edu
1744,2019-04-30,1049,Tyler,Jones,1949-12-23,500.84,199.0,California,90548,Cooper Inc,Education,tyler.jones@Cooper.edu
1383,2019-03-31,1039,Samantha,Clark,1959-09-15,478.39,183.0,Texas,91720,Green Inc,Retail,samantha.clark@Green.net
449,2019-05-31,1013,Fred,Green,1963-01-19,496.15,198.0,California,12122,Roberts-Blankenship,Oil and Gas,fred.green@Roberts.net
103,2020-07-31,1003,Brenda,Young,1961-08-14,504.03,192.0,California,11950,Watkins and Sons,Retail,brenda.young@Watkins.net
1440,2020-12-31,1040,Sara,Ellis,1976-08-19,509.14,196.0,Florida,93757,Riley-Warren,Retail,sara.ellis@Riley.net
810,2019-06-30,1023,Kenneth,Buckley,1965-02-25,515.55,192.0,Florida,12375,Stafford-Miller,Oil and Gas,kenneth.buckley@Stafford.com
1654,2020-10-31,1046,Tim,Beasley,1950-08-16,508.34,201.0,New Yoke,90626,Ross PLC,IT,tim.beasley@Ross.io
514,2018-10-31,1015,Jacqueline,Sanford,1959-08-25,488.36,201.0,New Yoke,11712,Smith Ltd,Retail,jacqueline.sanford@Smith.net
944,2018-08-31,1027,Mary,Wong,1989-07-22,518.13,193.0,Florida,13932,"Castillo, Ramirez and Mitchell",Oil and Gas,mary.wong@Castillo.net
178,2020-10-31,1005,Brittany,Dean,1987-10-25,497.13,198.0,Florida,12093,"Scott, Howard and Vaughn",IT,brittany.dean@Scott.io
1453,2019-01-31,1041,Sarah,James,1971-05-10,501.86,203.0,New Yoke,93122,Cook-Riddle,Oil and Gas,sarah.james@Cook.net
1714,2019-10-31,1048,Tyler,Kelley,1982-09-23,477.37,212.0,New Yoke,94491,"Stewart, Hawkins and Nichols",Retail,tyler.kelley@Stewart.com
1748,2019-08-31,1049,Tyler,Jones,1949-12-23,510.73,201.0,California,90548,Cooper Inc,Education,tyler.jones@Cooper.edu
387,2020-03-31,1011,David,Chavez,1976-03-17,498.84,211.0,Texas,13706,Glenn-Vincent,Retail,david.chavez@Glenn.io
1690,2020-10-31,1047,Tonya,Bell,1969-05-15,494.83,201.0,New Yoke,92883,Brown-Spencer,IT,tonya.bell@Brown.com
1102,2019-10-31,1031,Melissa,Smith,1946-04-06,519.87,204.0,California,10101,Harrison Group,Education,melissa.smith@Harrison.edu
998,2020-02-29,1028,Mary,Rodriguez,1953-02-10,499.3,198.0,Texas,10926,Newton PLC,Education,mary.rodriguez@Newton.edu
987,2019-03-31,1028,Mary,Rodriguez,1953-02-10,502.0,200.0,Texas,10926,Newton PLC,Education,mary.rodriguez@Newton.edu
38,2018-02-28,1002,Ashley,Blanchard,1949-04-10,502.34,194.0,New Yoke,10464,Davis LLC,Education,ashley.blanchard@Davis.edu
707,2019-11-30,1020,John,Bullock,1994-08-12,486.51,204.0,Florida,11239,"Parks, Miranda and Conway",IT,john.bullock@Parks.io
1062,2019-06-30,1030,Melissa,Ryan,1982-02-09,501.87,205.0,Pennsylvania,14417,"Morton, Carr and Howell",Oil and Gas,melissa.ryan@Morton.com
1651,2020-07-31,1046,Tim,Beasley,1950-08-16,488.97,191.0,New Yoke,90626,Ross PLC,IT,tim.beasley@Ross.io
598,2019-10-31,1017,Jesse,Boyd,1980-12-11,509.86,196.0,,14277,"Perry, Turner and Diaz",Education,jesse.boyd@Perry.edu
610,2020-10-31,1017,Jesse,Boyd,1980-12-11,514.71,199.0,,14277,"Perry, Turner and Diaz",Education,jesse.boyd@Perry.edu
1130,2019-02-28,1032,Michael,Jones,1950-09-11,498.66,212.0,Florida,10635,House and Sons,Oil and Gas,michael.jones@House.com
1432,2020-04-30,1040,Sara,Ellis,1976-08-19,506.03,192.0,Florida,93757,Riley-Warren,Retail,sara.ellis@Riley.net
747,2020-03-31,1021,Joseph,Martin,1956-08-25,505.31,197.0,Texas,11352,Butler Group,Retail,joseph.martin@Butler.com
1082,2018-02-28,1031,Melissa,Smith,1946-04-06,501.63,211.0,California,10101,Harrison Group,Education,melissa.smith@Harrison.edu
548,2018-08-31,1016,James,Ward,1970-01-10,512.29,213.0,Texas,12962,Harrison-Mitchell,Retail,james.ward@Harrison.net
362,2018-02-28,1011,David,Chavez,1976-03-17,509.39,191.0,Texas,13706,Glenn-Vincent,Retail,david.chavez@Glenn.io
1008,2020-12-31,1028,Mary,Rodriguez,1953-02-10,506.09,202.0,Texas,10926,Newton PLC,Education,mary.rodriguez@Newton.edu
1164,2018-12-31,1033,Michael,Hudson,1984-03-27,499.87,207.0,Pennsylvania,14673,"Jackson, Hall and Pittman",Oil and Gas,michael.hudson@Jackson.com
1019,2018-11-30,1029,Melissa,Kelley,1982-09-22,480.56,205.0,Florida,14491,"Jones, George and Obrien",Retail,melissa.kelley@Jones.net
409,2019-01-31,1012,David,Wells,1977-09-20,504.52,206.0,Florida,13888,Adams-Rice,IT,david.wells@Adams.net
1011,2018-03-31,1029,Melissa,Kelley,1982-09-22,506.48,196.0,Florida,14491,"Jones, George and Obrien",Retail,melissa.kelley@Jones.net
228,2018-12-31,1007,Christopher,Nguyen,1967-06-18,498.01,203.0,Pennsylvania,12653,Gould-Foster,Retail,christopher.nguyen@Gould.io
827,2020-11-30,1023,Kenneth,Buckley,1965-02-25,505.73,189.0,Florida,12375,Stafford-Miller,Oil and Gas,kenneth.buckley@Stafford.com
1647,2020-03-31,1046,Tim,Beasley,1950-08-16,507.15,208.0,New Yoke,90626,Ross PLC,IT,tim.beasley@Ross.io
1474,2020-10-31,1041,Sarah,James,1971-05-10,513.2,193.0,New Yoke,93122,Cook-Riddle,Oil and Gas,sarah.james@Cook.net
1095,2019-03-31,1031,Melissa,Smith,1946-04-06,498.14,208.0,California,10101,Harrison Group,Education,melissa.smith@Harrison.edu
195,2019-03-31,1006,Chad,Leon,1984-06-22,506.59,191.0,California,14701,"Short, Washington and Green",Education,chad.leon@Short.edu
825,2020-09-30,1023,Kenneth,Buckley,1965-02-25,489.32,201.0,Florida,12375,Stafford-Miller,Oil and Gas,kenneth.buckley@Stafford.com
61,2020-01-31,1002,Ashley,Blanchard,1949-04-10,492.46,197.0,New Yoke,10464,Davis LLC,Education,ashley.blanchard@Davis.edu
1515,2018-03-31,1043,Taylor,Johnson,1948-01-19,495.83,197.0,Pennsylvania,90316,Mitchell and Sons,IT,taylor.johnson@Mitchell.com
1740,2018-12-31,1049,Tyler,Jones,1949-12-23,476.71,210.0,California,90548,Cooper Inc,Education,tyler.jones@Cooper.edu
162,2019-06-30,1005,Brittany,Dean,1987-10-25,490.03,207.0,Florida,12093,"Scott, Howard and Vaughn",IT,brittany.dean@Scott.io
901,2018-01-31,1026,Marcus,Burgess,1996-04-12,495.53,197.0,New Yoke,11661,"Knox, Keller and Reynolds",Financial,marcus.burgess@Knox.com
1394,2020-02-29,1039,Samantha,Clark,1959-09-15,473.99,204.0,Texas,91720,Green Inc,Retail,samantha.clark@Green.net
302,2019-02-28,1009,Darrell,Ford,1976-12-07,485.29,204.0,Pennsylvania,13793,Austin-Adams,Education,darrell.ford@Austin.edu
1185,2020-09-30,1033,Michael,Hudson,1984-03-27,501.0,182.0,Pennsylvania,14673,"Jackson, Hall and Pittman",Oil and Gas,michael.hudson@Jackson.com
352,2020-04-30,1010,David,Duncan,1984-04-23,509.2,200.0,Texas,14681,"Johnson, Olson and Smith",Education,david.duncan@Johnson.edu
671,2019-11-30,1019,Joel,Byrd,1991-07-04,481.05,206.0,California,10355,"Williams, Woodard and Martinez",IT,joel.byrd@Williams.io
127,2019-07-31,1004,Brian,Young,1961-06-28,516.28,205.0,California,11934,Turner Ltd,Education,brian.young@Turner.edu
1353,2019-09-30,1038,Ricky,Fowler,1988-12-10,475.02,213.0,Texas,95239,"Fisher, Webster and Garcia",Education,ricky.fowler@Fisher.edu
310,2019-10-31,1009,Darrell,Ford,1976-12-07,494.0,196.0,Pennsylvania,13793,Austin-Adams,Education,darrell.ford@Austin.edu
906,2018-06-30,1026,Marcus,Burgess,1996-04-12,491.68,201.0,New Yoke,11661,"Knox, Keller and Reynolds",Financial,marcus.burgess@Knox.com
99,2020-03-31,1003,Brenda,Young,1961-08-14,493.8,208.0,California,11950,Watkins and Sons,Retail,brenda.young@Watkins.net
203,2019-11-30,1006,Chad,Leon,1984-06-22,494.38,199.0,California,14701,"Short, Washington and Green",Education,chad.leon@Short.edu
349,2020-01-31,1010,David,Duncan,1984-04-23,504.61,200.0,Texas,14681,"Johnson, Olson and Smith",Education,david.duncan@Johnson.edu
1551,2018-03-31,1044,Theresa,Ortiz,1973-03-24,484.74,190.0,Pennsylvania,93347,Meyer-Miles,Financial,theresa.ortiz@Meyer.net
954,2019-06-30,1027,Mary,Wong,1989-07-22,509.1,200.0,Florida,13932,"Castillo, Ramirez and Mitchell",Oil and Gas,mary.wong@Castillo.net
1288,2020-04-30,1036,Rachel,Murphy,1967-10-17,487.22,189.0,California,12693,Brown-Smith,Education,rachel.murphy@Brown.edu
963,2020-03-31,1027,Mary,Wong,1989-07-22,496.85,200.0,Florida,13932,"Castillo, Ramirez and Mitchell",Oil and Gas,mary.wong@Castillo.net
1631,2018-11-30,1046,Tim,Beasley,1950-08-16,505.58,205.0,New Yoke,90626,Ross PLC,IT,tim.beasley@Ross.io
1411,2018-07-31,1040,Sara,Ellis,1976-08-19,492.24,219.0,Florida,93757,Riley-Warren,Retail,sara.ellis@Riley.net
386,2020-02-29,1011,David,Chavez,1976-03-17,498.16,202.0,Texas,13706,Glenn-Vincent,Retail,david.chavez@Glenn.io
419,2019-11-30,1012,David,Wells,1977-09-20,503.1,192.0,Florida,13888,Adams-Rice,IT,david.wells@Adams.net
1438,2020-10-31,1040,Sara,Ellis,1976-08-19,505.04,202.0,Florida,93757,Riley-Warren,Retail,sara.ellis@Riley.net
984,2018-12-31,1028,Mary,Rodriguez,1953-02-10,499.47,206.0,Texas,10926,Newton PLC,Education,mary.rodriguez@Newton.edu
1636,2019-04-30,1046,Tim,Beasley,1950-08-16,494.13,204.0,New Yoke,90626,Ross PLC,IT,tim.beasley@Ross.io
704,2019-08-31,1020,John,Bullock,1994-08-12,514.49,191.0,Florida,11239,"Parks, Miranda and Conway",IT,john.bullock@Parks.io
332,2018-08-31,1010,David,Duncan,1984-04-23,511.22,187.0,Texas,14681,"Johnson, Olson and Smith",Education,david.duncan@Johnson.edu
1125,2018-09-30,1032,Michael,Jones,1950-09-11,502.76,196.0,Florida,10635,House and Sons,Oil and Gas,michael.jones@House.com
187,2018-07-31,1006,Chad,Leon,1984-06-22,505.63,190.0,California,14701,"Short, Washington and Green",Education,chad.leon@Short.edu
83,2018-11-30,1003,Brenda,Young,1961-08-14,501.87,206.0,California,11950,Watkins and Sons,Retail,brenda.young@Watkins.net
376,2019-04-30,1011,David,Chavez,1976-03-17,505.64,202.0,Texas,13706,Glenn-Vincent,Retail,david.chavez@Glenn.io
952,2019-04-30,1027,Mary,Wong,1989-07-22,502.33,189.0,Florida,13932,"Castillo, Ramirez and Mitchell",Oil and Gas,mary.wong@Castillo.net
326,2018-02-28,1010,David,Duncan,1984-04-23,509.56,204.0,Texas,14681,"Johnson, Olson and Smith",Education,david.duncan@Johnson.edu
1775,2018-11-30,1050,Vincent,Jimenez,1979-04-14,501.47,208.0,New Yoke,94076,Foley-Diaz,Oil and Gas,vincent.jimenez@Foley.com
293,2018-05-31,1009,Darrell,Ford,1976-12-07,504.92,214.0,Pennsylvania,13793,Austin-Adams,Education,darrell.ford@Austin.edu
1753,2020-01-31,1049,Tyler,Jones,1949-12-23,513.07,212.0,California,90548,Cooper Inc,Education,tyler.jones@Cooper.edu
1622,2018-02-28,1046,Tim,Beasley,1950-08-16,489.29,192.0,New Yoke,90626,Ross PLC,IT,tim.beasley@Ross.io
182,2018-02-28,1006,Chad,Leon,1984-06-22,503.14,202.0,California,14701,"Short, Washington and Green",Education,chad.leon@Short.edu
1207,2019-07-31,1034,Michele,Rice,1981-06-02,522.3,199.0,Texas,14334,"Kelly, Johnson and Perez",Oil and Gas,michele.rice@Kelly.net
892,2020-04-30,1025,Kristin,Bennett,1971-01-29,498.08,206.0,Pennsylvania,13089,Mack-Bridges,IT,kristin.bennett@Mack.io
422,2020-02-29,1012,David,Wells,1977-09-20,516.13,193.0,Florida,13888,Adams-Rice,IT,david.wells@Adams.net
781,2020-01-31,1022,Karen,Mullen,1954-12-23,506.78,190.0,Pennsylvania,11150,Sanchez PLC,Oil and Gas,karen.mullen@Sanchez.com
818,2020-02-29,1023,Kenneth,Buckley,1965-02-25,497.76,202.0,Florida,12375,Stafford-Miller,Oil and Gas,kenneth.buckley@Stafford.com
1121,2018-05-31,1032,Michael,Jones,1950-09-11,493.09,204.0,Florida,10635,House and Sons,Oil and Gas,michael.jones@House.com
928,2020-04-30,1026,Marcus,Burgess,1996-04-12,491.29,195.0,New Yoke,11661,"Knox, Keller and Reynolds",Financial,marcus.burgess@Knox.com
1179,2020-03-31,1033,Michael,Hudson,1984-03-27,486.76,204.0,Pennsylvania,14673,"Jackson, Hall and Pittman",Oil and Gas,michael.hudson@Jackson.com
649,2018-01-31,1019,Joel,Byrd,1991-07-04,494.91,194.0,California,10355,"Williams, Woodard and Martinez",IT,joel.byrd@Williams.io
1094,2019-02-28,1031,Melissa,Smith,1946-04-06,501.97,199.0,California,10101,Harrison Group,Education,melissa.smith@Harrison.edu
425,2020-05-31,1012,David,Wells,1977-09-20,520.55,205.0,Florida,13888,Adams-Rice,IT,david.wells@Adams.net
134,2020-02-29,1004,Brian,Young,1961-06-28,505.51,204.0,California,11934,Turner Ltd,Education,brian.young@Turner.edu
1227,2018-03-31,1035,Natalie,Dunn,1982-10-06,498.91,200.0,Texas,14495,"Rogers, Anderson and Peterson",Retail,natalie.dunn@Rogers.io
224,2018-08-31,1007,Christopher,Nguyen,1967-06-18,501.09,194.0,Pennsylvania,12653,Gould-Foster,Retail,christopher.nguyen@Gould.io
804,2018-12-31,1023,Kenneth,Buckley,1965-02-25,498.46,204.0,Florida,12375,Stafford-Miller,Oil and Gas,kenneth.buckley@Stafford.com
92,2019-08-31,1003,Brenda,Young,1961-08-14,501.85,204.0,California,11950,Watkins and Sons,Retail,brenda.young@Watkins.net
1408,2018-04-30,1040,Sara,Ellis,1976-08-19,514.52,214.0,Florida,93757,Riley-Warren,Retail,sara.ellis@Riley.net
1698,2018-06-30,1048,Tyler,Kelley,1982-09-23,515.5,211.0,New Yoke,94491,"Stewart, Hawkins and Nichols",Retail,tyler.kelley@Stewart.com
616,2018-04-30,1018,Jessica,White,1957-10-05,490.85,198.0,California,11485,Martinez Group,IT,jessica.white@Martinez.net
286,2020-10-31,1008,Christopher,Perez,1960-11-07,502.11,199.0,Florida,11858,Wood Group,Oil and Gas,christopher.perez@Wood.io
1205,2019-05-31,1034,Michele,Rice,1981-06-02,497.86,197.0,Texas,14334,"Kelly, Johnson and Perez",Oil and Gas,michele.rice@Kelly.net
1016,2018-08-31,1029,Melissa,Kelley,1982-09-22,497.62,195.0,Florida,14491,"Jones, George and Obrien",Retail,melissa.kelley@Jones.net
1485,2018-09-30,1042,Tammy,Fowler,1988-12-09,497.48,206.0,Florida,95239,"Rodriguez, Figueroa and Sanchez",Financial,tammy.fowler@Rodriguez.net
1143,2020-03-31,1032,Michael,Jones,1950-09-11,505.05,204.0,Florida,10635,House and Sons,Oil and Gas,michael.jones@House.com
54,2019-06-30,1002,Ashley,Blanchard,1949-04-10,496.51,199.0,New Yoke,10464,Davis LLC,Education,ashley.blanchard@Davis.edu
992,2019-08-31,1028,Mary,Rodriguez,1953-02-10,498.8,190.0,Texas,10926,Newton PLC,Education,mary.rodriguez@Newton.edu
1555,2018-07-31,1044,Theresa,Ortiz,1973-03-24,496.81,206.0,Pennsylvania,93347,Meyer-Miles,Financial,theresa.ortiz@Meyer.net
306,2019-06-30,1009,Darrell,Ford,1976-12-07,516.23,200.0,Pennsylvania,13793,Austin-Adams,Education,darrell.ford@Austin.edu
1174,2019-10-31,1033,Michael,Hudson,1984-03-27,512.94,198.0,Pennsylvania,14673,"Jackson, Hall and Pittman",Oil and Gas,michael.hudson@Jackson.com
1615,2020-07-31,1045,Tiffany,Nelson,1963-12-05,488.31,203.0,Florida,92228,Butler-Scott,Education,tiffany.nelson@Butler.edu
860,2020-08-31,1024,Kimberly,Joseph,1993-11-25,496.51,204.0,California,13137,"Reyes, Aguilar and Robinson",Education,kimberly.joseph@Reyes.edu
298,2018-10-31,1009,Darrell,Ford,1976-12-07,507.85,197.0,Pennsylvania,13793,Austin-Adams,Education,darrell.ford@Austin.edu
573,2020-09-30,1016,James,Ward,1970-01-10,503.72,202.0,Texas,12962,Harrison-Mitchell,Retail,james.ward@Harrison.net
1075,2020-07-31,1030,Melissa,Ryan,1982-02-09,515.62,190.0,Pennsylvania,14417,"Morton, Carr and Howell",Oil and Gas,melissa.ryan@Morton.com
108,2020-12-31,1003,Brenda,Young,1961-08-14,490.46,203.0,California,11950,Watkins and Sons,Retail,brenda.young@Watkins.net
549,2018-09-30,1016,James,Ward,1970-01-10,513.1,199.0,Texas,12962,Harrison-Mitchell,Retail,james.ward@Harrison.net
66,2020-06-30,1002,Ashley,Blanchard,1949-04-10,499.24,200.0,New Yoke,10464,Davis LLC,Education,ashley.blanchard@Davis.edu
342,2019-06-30,1010,David,Duncan,1984-04-23,512.79,200.0,Texas,14681,"Johnson, Olson and Smith",Education,david.duncan@Johnson.edu
1186,2020-10-31,1033,Michael,Hudson,1984-03-27,503.21,197.0,Pennsylvania,14673,"Jackson, Hall and Pittman",Oil and Gas,michael.hudson@Jackson.com
981,2018-09-30,1028,Mary,Rodriguez,1953-02-10,505.8,199.0,Texas,10926,Newton PLC,Education,mary.rodriguez@Newton.edu
57,2019-09-30,1002,Ashley,Blanchard,1949-04-10,508.39,196.0,New Yoke,10464,Davis LLC,Education,ashley.blanchard@Davis.edu
168,2019-12-31,1005,Brittany,Dean,1987-10-25,502.14,203.0,Florida,12093,"Scott, Howard and Vaughn",IT,brittany.dean@Scott.io
828,2020-12-31,1023,Kenneth,Buckley,1965-02-25,504.58,210.0,Florida,12375,Stafford-Miller,Oil and Gas,kenneth.buckley@Stafford.com
865,2018-01-31,1025,Kristin,Bennett,1971-01-29,494.78,203.0,Pennsylvania,13089,Mack-Bridges,IT,kristin.bennett@Mack.io
265,2019-01-31,1008,Christopher,Perez,1960-11-07,501.34,197.0,Florida,11858,Wood Group,Oil and Gas,christopher.perez@Wood.io
533,2020-05-31,1015,Jacqueline,Sanford,1959-08-25,497.48,196.0,New Yoke,11712,Smith Ltd,Retail,jacqueline.sanford@Smith.net
575,2020-11-30,1016,James,Ward,1970-01-10,501.42,208.0,Texas,12962,Harrison-Mitchell,Retail,james.ward@Harrison.net
1472,2020-08-31,1041,Sarah,James,1971-05-10,505.19,195.0,New Yoke,93122,Cook-Riddle,Oil and Gas,sarah.james@Cook.net
9,2018-09-30,1001,Alexandra,Taylor,1954-07-27,503.19,193.0,Florida,32554,Carroll Inc,Financial,alexandra.taylor@Carroll.net
1154,2018-02-28,1033,Michael,Hudson,1984-03-27,517.63,195.0,Pennsylvania,14673,"Jackson, Hall and Pittman",Oil and Gas,michael.hudson@Jackson.com
615,2018-03-31,1018,Jessica,White,1957-10-05,480.55,205.0,California,11485,Martinez Group,IT,jessica.white@Martinez.net
1538,2020-02-29,1043,Taylor,Johnson,1948-01-19,500.76,187.0,Pennsylvania,90316,Mitchell and Sons,IT,taylor.johnson@Mitchell.com
1333,2018-01-31,1038,Ricky,Fowler,1988-12-10,509.96,200.0,Texas,95239,"Fisher, Webster and Garcia",Education,ricky.fowler@Fisher.edu
661,2019-01-31,1019,Joel,Byrd,1991-07-04,498.94,207.0,California,10355,"Williams, Woodard and Martinez",IT,joel.byrd@Williams.io
305,2019-05-31,1009,Darrell,Ford,1976-12-07,497.21,201.0,Pennsylvania,13793,Austin-Adams,Education,darrell.ford@Austin.edu
1599,2019-03-31,1045,Tiffany,Nelson,1963-12-05,513.15,209.0,Florida,92228,Butler-Scott,Education,tiffany.nelson@Butler.edu
242,2020-02-29,1007,Christopher,Nguyen,1967-06-18,496.89,186.0,Pennsylvania,12653,Gould-Foster,Retail,christopher.nguyen@Gould.io
4,2018-04-30,1001,Alexandra,Taylor,1954-07-27,489.27,211.0,Florida,32554,Carroll Inc,Financial,alexandra.taylor@Carroll.net
1246,2019-10-31,1035,Natalie,Dunn,1982-10-06,507.68,190.0,Texas,14495,"Rogers, Anderson and Peterson",Retail,natalie.dunn@Rogers.io
1354,2019-10-31,1038,Ricky,Fowler,1988-12-10,503.84,209.0,Texas,95239,"Fisher, Webster and Garcia",Education,ricky.fowler@Fisher.edu
876,2018-12-31,1025,Kristin,Bennett,1971-01-29,506.5,210.0,Pennsylvania,13089,Mack-Bridges,IT,kristin.bennett@Mack.io
651,2018-03-31,1019,Joel,Byrd,1991-07-04,514.24,204.0,California,10355,"Williams, Woodard and Martinez",IT,joel.byrd@Williams.io
1458,2019-06-30,1041,Sarah,James,1971-05-10,485.0,202.0,New Yoke,93122,Cook-Riddle,Oil and Gas,sarah.james@Cook.net
1476,2020-12-31,1041,Sarah,James,1971-05-10,499.18,195.0,New Yoke,93122,Cook-Riddle,Oil and Gas,sarah.james@Cook.net
1641,2019-09-30,1046,Tim,Beasley,1950-08-16,505.9,214.0,New Yoke,90626,Ross PLC,IT,tim.beasley@Ross.io
1768,2018-04-30,1050,Vincent,Jimenez,1979-04-14,490.97,199.0,New Yoke,94076,Foley-Diaz,Oil and Gas,vincent.jimenez@Foley.com
530,2020-02-29,1015,Jacqueline,Sanford,1959-08-25,514.09,196.0,New Yoke,11712,Smith Ltd,Retail,jacqueline.sanford@Smith.net
829,2018-01-31,1024,Kimberly,Joseph,1993-11-25,499.82,202.0,California,13137,"Reyes, Aguilar and Robinson",Education,kimberly.joseph@Reyes.edu
634,2019-10-31,1018,Jessica,White,1957-10-05,497.71,188.0,California,11485,Martinez Group,IT,jessica.white@Martinez.net
249,2020-09-30,1007,Christopher,Nguyen,1967-06-18,518.11,204.0,Pennsylvania,12653,Gould-Foster,Retail,christopher.nguyen@Gould.io
1300,2018-04-30,1037,Renee,Fleming,1991-11-02,479.67,195.0,Florida,10751,"Franklin, Mcconnell and Ortega",IT,renee.fleming@Franklin.com
985,2019-01-31,1028,Mary,Rodriguez,1953-02-10,498.17,196.0,Texas,10926,Newton PLC,Education,mary.rodriguez@Newton.edu
766,2018-10-31,1022,Karen,Mullen,1954-12-23,481.19,200.0,Pennsylvania,11150,Sanchez PLC,Oil and Gas,karen.mullen@Sanchez.com
1769,2018-05-31,1050,Vincent,Jimenez,1979-04-14,486.23,195.0,New Yoke,94076,Foley-Diaz,Oil and Gas,vincent.jimenez@Foley.com
1493,2019-05-31,1042,Tammy,Fowler,1988-12-09,498.12,218.0,Florida,95239,"Rodriguez, Figueroa and Sanchez",Financial,tammy.fowler@Rodriguez.net
674,2020-02-29,1019,Joel,Byrd,1991-07-04,508.6,203.0,California,10355,"Williams, Woodard and Martinez",IT,joel.byrd@Williams.io
1725,2020-09-30,1048,Tyler,Kelley,1982-09-23,495.75,214.0,New Yoke,94491,"Stewart, Hawkins and Nichols",Retail,tyler.kelley@Stewart.com
367,2018-07-31,1011,David,Chavez,1976-03-17,505.15,207.0,Texas,13706,Glenn-Vincent,Retail,david.chavez@Glenn.io
1402,2020-10-31,1039,Samantha,Clark,1959-09-15,512.24,191.0,Texas,91720,Green Inc,Retail,samantha.clark@Green.net
1677,2019-09-30,1047,Tonya,Bell,1969-05-15,523.84,200.0,New Yoke,92883,Brown-Spencer,IT,tonya.bell@Brown.com
897,2020-09-30,1025,Kristin,Bennett,1971-01-29,490.39,198.0,Pennsylvania,13089,Mack-Bridges,IT,kristin.bennett@Mack.io
1278,2019-06-30,1036,Rachel,Murphy,1967-10-17,511.56,198.0,California,12693,Brown-Smith,Education,rachel.murphy@Brown.edu
1338,2018-06-30,1038,Ricky,Fowler,1988-12-10,499.27,210.0,Texas,95239,"Fisher, Webster and Garcia",Education,ricky.fowler@Fisher.edu
642,2020-06-30,1018,Jessica,White,1957-10-05,510.71,183.0,California,11485,Martinez Group,IT,jessica.white@Martinez.net
1778,2019-02-28,1050,Vincent,Jimenez,1979-04-14,497.34,210.0,New Yoke,94076,Foley-Diaz,Oil and Gas,vincent.jimenez@Foley.com
401,2018-05-31,1012,David,Wells,1977-09-20,486.93,194.0,Florida,13888,Adams-Rice,IT,david.wells@Adams.net
1221,2020-09-30,1034,Michele,Rice,1981-06-02,496.03,196.0,Texas,14334,"Kelly, Johnson and Perez",Oil and Gas,michele.rice@Kelly.net
1567,2019-07-31,1044,Theresa,Ortiz,1973-03-24,485.66,196.0,Pennsylvania,93347,Meyer-Miles,Financial,theresa.ortiz@Meyer.net
141,2020-09-30,1004,Brian,Young,1961-06-28,498.13,190.0,California,11934,Turner Ltd,Education,brian.young@Turner.edu
842,2019-02-28,1024,Kimberly,Joseph,1993-11-25,506.75,206.0,California,13137,"Reyes, Aguilar and Robinson",Education,kimberly.joseph@Reyes.edu
373,2019-01-31,1011,David,Chavez,1976-03-17,508.53,208.0,Texas,13706,Glenn-Vincent,Retail,david.chavez@Glenn.io
464,2020-08-31,1013,Fred,Green,1963-01-19,506.09,190.0,California,12122,Roberts-Blankenship,Oil and Gas,fred.green@Roberts.net
986,2019-02-28,1028,Mary,Rodriguez,1953-02-10,497.79,197.0,Texas,10926,Newton PLC,Education,mary.rodriguez@Newton.edu
662,2019-02-28,1019,Joel,Byrd,1991-07-04,472.09,206.0,California,10355,"Williams, Woodard and Martinez",IT,joel.byrd@Williams.io
529,2020-01-31,1015,Jacqueline,Sanford,1959-08-25,506.37,204.0,New Yoke,11712,Smith Ltd,Retail,jacqueline.sanford@Smith.net
1655,2020-11-30,1046,Tim,Beasley,1950-08-16,495.51,200.0,New Yoke,90626,Ross PLC,IT,tim.beasley@Ross.io
968,2020-08-31,1027,Mary,Wong,1989-07-22,493.45,196.0,Florida,13932,"Castillo, Ramirez and Mitchell",Oil and Gas,mary.wong@Castillo.net
1482,2018-06-30,1042,Tammy,Fowler,1988-12-09,495.7,194.0,Florida,95239,"Rodriguez, Figueroa and Sanchez",Financial,tammy.fowler@Rodriguez.net
1165,2019-01-31,1033,Michael,Hudson,1984-03-27,508.58,205.0,Pennsylvania,14673,"Jackson, Hall and Pittman",Oil and Gas,michael.hudson@Jackson.com
283,2020-07-31,1008,Christopher,Perez,1960-11-07,500.95,186.0,Florida,11858,Wood Group,Oil and Gas,christopher.perez@Wood.io
390,2020-06-30,1011,David,Chavez,1976-03-17,494.67,203.0,Texas,13706,Glenn-Vincent,Retail,david.chavez@Glenn.io
1445,2018-05-31,1041,Sarah,James,1971-05-10,491.2,215.0,New Yoke,93122,Cook-Riddle,Oil and Gas,sarah.james@Cook.net
1643,2019-11-30,1046,Tim,Beasley,1950-08-16,490.48,197.0,New Yoke,90626,Ross PLC,IT,tim.beasley@Ross.io
1,2018-01-31,1001,Alexandra,Taylor,1954-07-27,516.24,197.0,Florida,32554,Carroll Inc,Financial,alexandra.taylor@Carroll.net
1072,2020-04-30,1030,Melissa,Ryan,1982-02-09,504.84,196.0,Pennsylvania,14417,"Morton, Carr and Howell",Oil and Gas,melissa.ryan@Morton.com
652,2018-04-30,1019,Joel,Byrd,1991-07-04,509.04,198.0,California,10355,"Williams, Woodard and Martinez",IT,joel.byrd@Williams.io
466,2020-10-31,1013,Fred,Green,1963-01-19,498.92,196.0,California,12122,Roberts-Blankenship,Oil and Gas,fred.green@Roberts.net
656,2018-08-31,1019,Joel,Byrd,1991-07-04,497.34,211.0,California,10355,"Williams, Woodard and Martinez",IT,joel.byrd@Williams.io
116,2018-08-31,1004,Brian,Young,1961-06-28,486.88,196.0,California,11934,Turner Ltd,Education,brian.young@Turner.edu
826,2020-10-31,1023,Kenneth,Buckley,1965-02-25,499.23,191.0,Florida,12375,Stafford-Miller,Oil and Gas,kenneth.buckley@Stafford.com
202,2019-10-31,1006,Chad,Leon,1984-06-22,508.24,197.0,California,14701,"Short, Washington and Green",Education,chad.leon@Short.edu
31,2020-07-31,1001,Alexandra,Taylor,1954-07-27,493.08,198.0,Florida,32554,Carroll Inc,Financial,alexandra.taylor@Carroll.net
444,2018-12-31,1013,Fred,Green,1963-01-19,513.5,204.0,California,12122,Roberts-Blankenship,Oil and Gas,fred.green@Roberts.net
1040,2020-08-31,1029,Melissa,Kelley,1982-09-22,501.46,209.0,Florida,14491,"Jones, George and Obrien",Retail,melissa.kelley@Jones.net
1084,2018-04-30,1031,Melissa,Smith,1946-04-06,500.58,205.0,California,10101,Harrison Group,Education,melissa.smith@Harrison.edu
1247,2019-11-30,1035,Natalie,Dunn,1982-10-06,487.31,194.0,Texas,14495,"Rogers, Anderson and Peterson",Retail,natalie.dunn@Rogers.io
294,2018-06-30,1009,Darrell,Ford,1976-12-07,493.19,193.0,Pennsylvania,13793,Austin-Adams,Education,darrell.ford@Austin.edu
1320,2019-12-31,1037,Renee,Fleming,1991-11-02,495.23,202.0,Florida,10751,"Franklin, Mcconnell and Ortega",IT,renee.fleming@Franklin.com
1478,2018-02-28,1042,Tammy,Fowler,1988-12-09,506.86,196.0,Florida,95239,"Rodriguez, Figueroa and Sanchez",Financial,tammy.fowler@Rodriguez.net
1325,2020-05-31,1037,Renee,Fleming,1991-11-02,513.94,207.0,Florida,10751,"Franklin, Mcconnell and Ortega",IT,renee.fleming@Franklin.com
527,2019-11-30,1015,Jacqueline,Sanford,1959-08-25,513.06,213.0,New Yoke,11712,Smith Ltd,Retail,jacqueline.sanford@Smith.net
731,2018-11-30,1021,Joseph,Martin,1956-08-25,509.66,204.0,Texas,11352,Butler Group,Retail,joseph.martin@Butler.com
1695,2018-03-31,1048,Tyler,Kelley,1982-09-23,495.37,196.0,New Yoke,94491,"Stewart, Hawkins and Nichols",Retail,tyler.kelley@Stewart.com
1076,2020-08-31,1030,Melissa,Ryan,1982-02-09,491.29,215.0,Pennsylvania,14417,"Morton, Carr and Howell",Oil and Gas,melissa.ryan@Morton.com
601,2020-01-31,1017,Jesse,Boyd,1980-12-11,489.27,204.0,,14277,"Perry, Turner and Diaz",Education,jesse.boyd@Perry.edu
1720,2020-04-30,1048,Tyler,Kelley,1982-09-23,482.36,206.0,New Yoke,94491,"Stewart, Hawkins and Nichols",Retail,tyler.kelley@Stewart.com
996,2019-12-31,1028,Mary,Rodriguez,1953-02-10,498.84,201.0,Texas,10926,Newton PLC,Education,mary.rodriguez@Newton.edu
40,2018-04-30,1002,Ashley,Blanchard,1949-04-10,507.42,204.0,New Yoke,10464,Davis LLC,Education,ashley.blanchard@Davis.edu
1650,2020-06-30,1046,Tim,Beasley,1950-08-16,507.59,196.0,New Yoke,90626,Ross PLC,IT,tim.beasley@Ross.io
1434,2020-06-30,1040,Sara,Ellis,1976-08-19,502.39,215.0,Florida,93757,Riley-Warren,Retail,sara.ellis@Riley.net
663,2019-03-31,1019,Joel,Byrd,1991-07-04,495.44,196.0,California,10355,"Williams, Woodard and Martinez",IT,joel.byrd@Williams.io
81,2018-09-30,1003,Brenda,Young,1961-08-14,497.78,199.0,California,11950,Watkins and Sons,Retail,brenda.young@Watkins.net
1085,2018-05-31,1031,Melissa,Smith,1946-04-06,516.32,199.0,California,10101,Harrison Group,Education,melissa.smith@Harrison.edu
102,2020-06-30,1003,Brenda,Young,1961-08-14,512.25,203.0,California,11950,Watkins and Sons,Retail,brenda.young@Watkins.net
817,2020-01-31,1023,Kenneth,Buckley,1965-02-25,511.53,192.0,Florida,12375,Stafford-Miller,Oil and Gas,kenneth.buckley@Stafford.com
448,2019-04-30,1013,Fred,Green,1963-01-19,510.01,192.0,California,12122,Roberts-Blankenship,Oil and Gas,fred.green@Roberts.net
1391,2019-11-30,1039,Samantha,Clark,1959-09-15,488.4,204.0,Texas,91720,Green Inc,Retail,samantha.clark@Green.net
1514,2018-02-28,1043,Taylor,Johnson,1948-01-19,500.47,200.0,Pennsylvania,90316,Mitchell and Sons,IT,taylor.johnson@Mitchell.com
621,2018-09-30,1018,Jessica,White,1957-10-05,503.93,185.0,California,11485,Martinez Group,IT,jessica.white@Martinez.net
336,2018-12-31,1010,David,Duncan,1984-04-23,493.82,197.0,Texas,14681,"Johnson, Olson and Smith",Education,david.duncan@Johnson.edu
1259,2020-11-30,1035,Natalie,Dunn,1982-10-06,496.52,204.0,Texas,14495,"Rogers, Anderson and Peterson",Retail,natalie.dunn@Rogers.io
1267,2018-07-31,1036,Rachel,Murphy,1967-10-17,508.16,189.0,California,12693,Brown-Smith,Education,rachel.murphy@Brown.edu
1254,2020-06-30,1035,Natalie,Dunn,1982-10-06,494.22,195.0,Texas,14495,"Rogers, Anderson and Peterson",Retail,natalie.dunn@Rogers.io
1726,2020-10-31,1048,Tyler,Kelley,1982-09-23,516.58,203.0,New Yoke,94491,"Stewart, Hawkins and Nichols",Retail,tyler.kelley@Stewart.com
1367,2020-11-30,1038,Ricky,Fowler,1988-12-10,499.81,209.0,Texas,95239,"Fisher, Webster and Garcia",Education,ricky.fowler@Fisher.edu
1264,2018-04-30,1036,Rachel,Murphy,1967-10-17,504.41,205.0,California,12693,Brown-Smith,Education,rachel.murphy@Brown.edu
434,2018-02-28,1013,Fred,Green,1963-01-19,498.97,205.0,California,12122,Roberts-Blankenship,Oil and Gas,fred.green@Roberts.net
1120,2018-04-30,1032,Michael,Jones,1950-09-11,517.98,214.0,Florida,10635,House and Sons,Oil and Gas,michael.jones@House.com
1230,2018-06-30,1035,Natalie,Dunn,1982-10-06,529.17,194.0,Texas,14495,"Rogers, Anderson and Peterson",Retail,natalie.dunn@Rogers.io
1309,2019-01-31,1037,Renee,Fleming,1991-11-02,486.17,203.0,Florida,10751,"Franklin, Mcconnell and Ortega",IT,renee.fleming@Franklin.com
923,2019-11-30,1026,Marcus,Burgess,1996-04-12,513.8,188.0,New Yoke,11661,"Knox, Keller and Reynolds",Financial,marcus.burgess@Knox.com
633,2019-09-30,1018,Jessica,White,1957-10-05,499.61,210.0,California,11485,Martinez Group,IT,jessica.white@Martinez.net
1761,2020-09-30,1049,Tyler,Jones,1949-12-23,508.73,203.0,California,90548,Cooper Inc,Education,tyler.jones@Cooper.edu
284,2020-08-31,1008,Christopher,Perez,1960-11-07,509.21,202.0,Florida,11858,Wood Group,Oil and Gas,christopher.perez@Wood.io
304,2019-04-30,1009,Darrell,Ford,1976-12-07,491.19,195.0,Pennsylvania,13793,Austin-Adams,Education,darrell.ford@Austin.edu
1104,2019-12-31,1031,Melissa,Smith,1946-04-06,486.6,197.0,California,10101,Harrison Group,Education,melissa.smith@Harrison.edu
1426,2019-10-31,1040,Sara,Ellis,1976-08-19,503.21,213.0,Florida,93757,Riley-Warren,Retail,sara.ellis@Riley.net
744,2019-12-31,1021,Joseph,Martin,1956-08-25,493.88,193.0,Texas,11352,Butler Group,Retail,joseph.martin@Butler.com
41,2018-05-31,1002,Ashley,Blanchard,1949-04-10,498.08,198.0,New Yoke,10464,Davis LLC,Education,ashley.blanchard@Davis.edu
821,2020-05-31,1023,Kenneth,Buckley,1965-02-25,503.56,199.0,Florida,12375,Stafford-Miller,Oil and Gas,kenneth.buckley@Stafford.com
59,2019-11-30,1002,Ashley,Blanchard,1949-04-10,502.86,202.0,New Yoke,10464,Davis LLC,Education,ashley.blanchard@Davis.edu
765,2018-09-30,1022,Karen,Mullen,1954-12-23,506.09,206.0,Pennsylvania,11150,Sanchez PLC,Oil and Gas,karen.mullen@Sanchez.com
256,2018-04-30,1008,Christopher,Perez,1960-11-07,489.55,200.0,Florida,11858,Wood Group,Oil and Gas,christopher.perez@Wood.io
889,2020-01-31,1025,Kristin,Bennett,1971-01-29,502.41,204.0,Pennsylvania,13089,Mack-Bridges,IT,kristin.bennett@Mack.io
700,2019-04-30,1020,John,Bullock,1994-08-12,495.4,208.0,Florida,11239,"Parks, Miranda and Conway",IT,john.bullock@Parks.io
1639,2019-07-31,1046,Tim,Beasley,1950-08-16,495.94,188.0,New Yoke,90626,Ross PLC,IT,tim.beasley@Ross.io
558,2019-06-30,1016,James,Ward,1970-01-10,514.7,190.0,Texas,12962,Harrison-Mitchell,Retail,james.ward@Harrison.net
604,2020-04-30,1017,Jesse,Boyd,1980-12-11,494.82,188.0,,14277,"Perry, Turner and Diaz",Education,jesse.boyd@Perry.edu
437,2018-05-31,1013,Fred,Green,1963-01-19,504.67,193.0,California,12122,Roberts-Blankenship,Oil and Gas,fred.green@Roberts.net
537,2020-09-30,1015,Jacqueline,Sanford,1959-08-25,506.84,216.0,New Yoke,11712,Smith Ltd,Retail,jacqueline.sanford@Smith.net
677,2020-05-31,1019,Joel,Byrd,1991-07-04,503.18,199.0,California,10355,"Williams, Woodard and Martinez",IT,joel.byrd@Williams.io
120,2018-12-31,1004,Brian,Young,1961-06-28,504.09,190.0,California,11934,Turner Ltd,Education,brian.young@Turner.edu
1752,2019-12-31,1049,Tyler,Jones,1949-12-23,485.73,200.0,California,90548,Cooper Inc,Education,tyler.jones@Cooper.edu
1473,2020-09-30,1041,Sarah,James,1971-05-10,504.72,203.0,New Yoke,93122,Cook-Riddle,Oil and Gas,sarah.james@Cook.net
776,2019-08-31,1022,Karen,Mullen,1954-12-23,498.54,214.0,Pennsylvania,11150,Sanchez PLC,Oil and Gas,karen.mullen@Sanchez.com
1648,2020-04-30,1046,Tim,Beasley,1950-08-16,504.39,196.0,New Yoke,90626,Ross PLC,IT,tim.beasley@Ross.io
763,2018-07-31,1022,Karen,Mullen,1954-12-23,489.1,200.0,Pennsylvania,11150,Sanchez PLC,Oil and Gas,karen.mullen@Sanchez.com
369,2018-09-30,1011,David,Chavez,1976-03-17,505.85,198.0,Texas,13706,Glenn-Vincent,Retail,david.chavez@Glenn.io
170,2020-02-29,1005,Brittany,Dean,1987-10-25,481.04,206.0,Florida,12093,"Scott, Howard and Vaughn",IT,brittany.dean@Scott.io
1038,2020-06-30,1029,Melissa,Kelley,1982-09-22,495.36,197.0,Florida,14491,"Jones, George and Obrien",Retail,melissa.kelley@Jones.net
1750,2019-10-31,1049,Tyler,Jones,1949-12-23,508.26,196.0,California,90548,Cooper Inc,Education,tyler.jones@Cooper.edu
856,2020-04-30,1024,Kimberly,Joseph,1993-11-25,524.29,197.0,California,13137,"Reyes, Aguilar and Robinson",Education,kimberly.joseph@Reyes.edu
1160,2018-08-31,1033,Michael,Hudson,1984-03-27,500.5,198.0,Pennsylvania,14673,"Jackson, Hall and Pittman",Oil and Gas,michael.hudson@Jackson.com
565,2020-01-31,1016,James,Ward,1970-01-10,483.63,196.0,Texas,12962,Harrison-Mitchell,Retail,james.ward@Harrison.net
271,2019-07-31,1008,Christopher,Perez,1960-11-07,508.36,188.0,Florida,11858,Wood Group,Oil and Gas,christopher.perez@Wood.io
1269,2018-09-30,1036,Rachel,Murphy,1967-10-17,500.5,203.0,California,12693,Brown-Smith,Education,rachel.murphy@Brown.edu
732,2018-12-31,1021,Joseph,Martin,1956-08-25,507.26,198.0,Texas,11352,Butler Group,Retail,joseph.martin@Butler.com
560,2019-08-31,1016,James,Ward,1970-01-10,503.69,187.0,Texas,12962,Harrison-Mitchell,Retail,james.ward@Harrison.net
1126,2018-10-31,1032,Michael,Jones,1950-09-11,497.53,202.0,Florida,10635,House and Sons,Oil and Gas,michael.jones@House.com
591,2019-03-31,1017,Jesse,Boyd,1980-12-11,494.04,198.0,,14277,"Perry, Turner and Diaz",Education,jesse.boyd@Perry.edu
970,2020-10-31,1027,Mary,Wong,1989-07-22,491.1,202.0,Florida,13932,"Castillo, Ramirez and Mitchell",Oil and Gas,mary.wong@Castillo.net
1206,2019-06-30,1034,Michele,Rice,1981-06-02,511.46,199.0,Texas,14334,"Kelly, Johnson and Perez",Oil and Gas,michele.rice@Kelly.net
1343,2018-11-30,1038,Ricky,Fowler,1988-12-10,496.73,211.0,Texas,95239,"Fisher, Webster and Garcia",Education,ricky.fowler@Fisher.edu
638,2020-02-29,1018,Jessica,White,1957-10-05,505.1,189.0,California,11485,Martinez Group,IT,jessica.white@Martinez.net
209,2020-05-31,1006,Chad,Leon,1984-06-22,488.81,193.0,California,14701,"Short, Washington and Green",Education,chad.leon@Short.edu
289,2018-01-31,1009,Darrell,Ford,1976-12-07,488.84,192.0,Pennsylvania,13793,Austin-Adams,Education,darrell.ford@Austin.edu
105,2020-09-30,1003,Brenda,Young,1961-08-14,489.05,198.0,California,11950,Watkins and Sons,Retail,brenda.young@Watkins.net
237,2019-09-30,1007,Christopher,Nguyen,1967-06-18,488.18,182.0,Pennsylvania,12653,Gould-Foster,Retail,christopher.nguyen@Gould.io
579,2018-03-31,1017,Jesse,Boyd,1980-12-11,498.17,194.0,,14277,"Perry, Turner and Diaz",Education,jesse.boyd@Perry.edu
1759,2020-07-31,1049,Tyler,Jones,1949-12-23,499.78,201.0,California,90548,Cooper Inc,Education,tyler.jones@Cooper.edu
23,2019-11-30,1001,Alexandra,Taylor,1954-07-27,509.02,202.0,Florida,32554,Carroll Inc,Financial,alexandra.taylor@Carroll.net
205,2020-01-31,1006,Chad,Leon,1984-06-22,486.68,206.0,California,14701,"Short, Washington and Green",Education,chad.leon@Short.edu
1682,2020-02-29,1047,Tonya,Bell,1969-05-15,495.62,179.0,New Yoke,92883,Brown-Spencer,IT,tonya.bell@Brown.com
666,2019-06-30,1019,Joel,Byrd,1991-07-04,495.21,206.0,California,10355,"Williams, Woodard and Martinez",IT,joel.byrd@Williams.io
1674,2019-06-30,1047,Tonya,Bell,1969-05-15,483.5,200.0,New Yoke,92883,Brown-Spencer,IT,tonya.bell@Brown.com
1248,2019-12-31,1035,Natalie,Dunn,1982-10-06,517.59,213.0,Texas,14495,"Rogers, Anderson and Peterson",Retail,natalie.dunn@Rogers.io
1118,2018-02-28,1032,Michael,Jones,1950-09-11,503.27,198.0,Florida,10635,House and Sons,Oil and Gas,michael.jones@House.com
1386,2019-06-30,1039,Samantha,Clark,1959-09-15,493.51,197.0,Texas,91720,Green Inc,Retail,samantha.clark@Green.net
1099,2019-07-31,1031,Melissa,Smith,1946-04-06,511.55,203.0,California,10101,Harrison Group,Education,melissa.smith@Harrison.edu
1468,2020-04-30,1041,Sarah,James,1971-05-10,496.04,212.0,New Yoke,93122,Cook-Riddle,Oil and Gas,sarah.james@Cook.net
630,2019-06-30,1018,Jessica,White,1957-10-05,484.9,203.0,California,11485,Martinez Group,IT,jessica.white@Martinez.net
830,2018-02-28,1024,Kimberly,Joseph,1993-11-25,494.0,214.0,California,13137,"Reyes, Aguilar and Robinson",Education,kimberly.joseph@Reyes.edu
1500,2019-12-31,1042,Tammy,Fowler,1988-12-09,486.19,194.0,Florida,95239,"Rodriguez, Figueroa and Sanchez",Financial,tammy.fowler@Rodriguez.net
1010,2018-02-28,1029,Melissa,Kelley,1982-09-22,515.15,195.0,Florida,14491,"Jones, George and Obrien",Retail,melissa.kelley@Jones.net
20,2019-08-31,1001,Alexandra,Taylor,1954-07-27,505.83,200.0,Florida,32554,Carroll Inc,Financial,alexandra.taylor@Carroll.net
609,2020-09-30,1017,Jesse,Boyd,1980-12-11,486.52,204.0,,14277,"Perry, Turner and Diaz",Education,jesse.boyd@Perry.edu
577,2018-01-31,1017,Jesse,Boyd,1980-12-11,503.72,199.0,,14277,"Perry, Turner and Diaz",Education,jesse.boyd@Perry.edu
836,2018-08-31,1024,Kimberly,Joseph,1993-11-25,509.15,197.0,California,13137,"Reyes, Aguilar and Robinson",Education,kimberly.joseph@Reyes.edu
82,2018-10-31,1003,Brenda,Young,1961-08-14,497.99,199.0,California,11950,Watkins and Sons,Retail,brenda.young@Watkins.net
581,2018-05-31,1017,Jesse,Boyd,1980-12-11,507.8,203.0,,14277,"Perry, Turner and Diaz",Education,jesse.boyd@Perry.edu
52,2019-04-30,1002,Ashley,Blanchard,1949-04-10,496.48,197.0,New Yoke,10464,Davis LLC,Education,ashley.blanchard@Davis.edu
260,2018-08-31,1008,Christopher,Perez,1960-11-07,493.93,213.0,Florida,11858,Wood Group,Oil and Gas,christopher.perez@Wood.io
1613,2020-05-31,1045,Tiffany,Nelson,1963-12-05,489.37,189.0,Florida,92228,Butler-Scott,Education,tiffany.nelson@Butler.edu
1469,2020-05-31,1041,Sarah,James,1971-05-10,514.45,208.0,New Yoke,93122,Cook-Riddle,Oil and Gas,sarah.james@Cook.net
397,2018-01-31,1012,David,Wells,1977-09-20,481.27,199.0,Florida,13888,Adams-Rice,IT,david.wells@Adams.net
870,2018-06-30,1025,Kristin,Bennett,1971-01-29,500.98,205.0,Pennsylvania,13089,Mack-Bridges,IT,kristin.bennett@Mack.io
455,2019-11-30,1013,Fred,Green,1963-01-19,510.99,201.0,California,12122,Roberts-Blankenship,Oil and Gas,fred.green@Roberts.net
657,2018-09-30,1019,Joel,Byrd,1991-07-04,510.69,194.0,California,10355,"Williams, Woodard and Martinez",IT,joel.byrd@Williams.io
1116,2020-12-31,1031,Melissa,Smith,1946-04-06,504.29,202.0,California,10101,Harrison Group,Education,melissa.smith@Harrison.edu
1495,2019-07-31,1042,Tammy,Fowler,1988-12-09,511.65,206.0,Florida,95239,"Rodriguez, Figueroa and Sanchez",Financial,tammy.fowler@Rodriguez.net
1295,2020-11-30,1036,Rachel,Murphy,1967-10-17,504.27,207.0,California,12693,Brown-Smith,Education,rachel.murphy@Brown.edu
685,2018-01-31,1020,John,Bullock,1994-08-12,519.2,193.0,Florida,11239,"Parks, Miranda and Conway",IT,john.bullock@Parks.io
50,2019-02-28,1002,Ashley,Blanchard,1949-04-10,506.17,201.0,New Yoke,10464,Davis LLC,Education,ashley.blanchard@Davis.edu
95,2019-11-30,1003,Brenda,Young,1961-08-14,504.23,188.0,California,11950,Watkins and Sons,Retail,brenda.young@Watkins.net
1649,2020-05-31,1046,Tim,Beasley,1950-08-16,488.97,189.0,New Yoke,90626,Ross PLC,IT,tim.beasley@Ross.io
646,2020-10-31,1018,Jessica,White,1957-10-05,507.33,205.0,California,11485,Martinez Group,IT,jessica.white@Martinez.net
300,2018-12-31,1009,Darrell,Ford,1976-12-07,505.86,197.0,Pennsylvania,13793,Austin-Adams,Education,darrell.ford@Austin.edu
1137,2019-09-30,1032,Michael,Jones,1950-09-11,501.74,189.0,Florida,10635,House and Sons,Oil and Gas,michael.jones@House.com
1378,2018-10-31,1039,Samantha,Clark,1959-09-15,494.36,205.0,Texas,91720,Green Inc,Retail,samantha.clark@Green.net
1612,2020-04-30,1045,Tiffany,Nelson,1963-12-05,507.31,201.0,Florida,92228,Butler-Scott,Education,tiffany.nelson@Butler.edu
1294,2020-10-31,1036,Rachel,Murphy,1967-10-17,501.08,188.0,California,12693,Brown-Smith,Education,rachel.murphy@Brown.edu
1717,2020-01-31,1048,Tyler,Kelley,1982-09-23,499.62,200.0,New Yoke,94491,"Stewart, Hawkins and Nichols",Retail,tyler.kelley@Stewart.com
1175,2019-11-30,1033,Michael,Hudson,1984-03-27,492.98,210.0,Pennsylvania,14673,"Jackson, Hall and Pittman",Oil and Gas,michael.hudson@Jackson.com
1455,2019-03-31,1041,Sarah,James,1971-05-10,499.97,203.0,New Yoke,93122,Cook-Riddle,Oil and Gas,sarah.james@Cook.net
887,2019-11-30,1025,Kristin,Bennett,1971-01-29,495.4,195.0,Pennsylvania,13089,Mack-Bridges,IT,kristin.bennett@Mack.io
921,2019-09-30,1026,Marcus,Burgess,1996-04-12,509.84,198.0,New Yoke,11661,"Knox, Keller and Reynolds",Financial,marcus.burgess@Knox.com
904,2018-04-30,1026,Marcus,Burgess,1996-04-12,507.45,199.0,New Yoke,11661,"Knox, Keller and Reynolds",Financial,marcus.burgess@Knox.com
971,2020-11-30,1027,Mary,Wong,1989-07-22,501.11,203.0,Florida,13932,"Castillo, Ramirez and Mitchell",Oil and Gas,mary.wong@Castillo.net
1462,2019-10-31,1041,Sarah,James,1971-05-10,505.86,196.0,New Yoke,93122,Cook-Riddle,Oil and Gas,sarah.james@Cook.net
1471,2020-07-31,1041,Sarah,James,1971-05-10,489.57,177.0,New Yoke,93122,Cook-Riddle,Oil and Gas,sarah.james@Cook.net
1539,2020-03-31,1043,Taylor,Johnson,1948-01-19,515.37,202.0,Pennsylvania,90316,Mitchell and Sons,IT,taylor.johnson@Mitchell.com
1360,2020-04-30,1038,Ricky,Fowler,1988-12-10,507.72,198.0,Texas,95239,"Fisher, Webster and Garcia",Education,ricky.fowler@Fisher.edu
1678,2019-10-31,1047,Tonya,Bell,1969-05-15,499.26,208.0,New Yoke,92883,Brown-Spencer,IT,tonya.bell@Brown.com
1390,2019-10-31,1039,Samantha,Clark,1959-09-15,503.27,191.0,Texas,91720,Green Inc,Retail,samantha.clark@Green.net
964,2020-04-30,1027,Mary,Wong,1989-07-22,486.55,195.0,Florida,13932,"Castillo, Ramirez and Mitchell",Oil and Gas,mary.wong@Castillo.net
847,2019-07-31,1024,Kimberly,Joseph,1993-11-25,491.7,193.0,California,13137,"Reyes, Aguilar and Robinson",Education,kimberly.joseph@Reyes.edu
890,2020-02-29,1025,Kristin,Bennett,1971-01-29,490.01,195.0,Pennsylvania,13089,Mack-Bridges,IT,kristin.bennett@Mack.io
999,2020-03-31,1028,Mary,Rodriguez,1953-02-10,503.54,200.0,Texas,10926,Newton PLC,Education,mary.rodriguez@Newton.edu
1486,2018-10-31,1042,Tammy,Fowler,1988-12-09,486.74,192.0,Florida,95239,"Rodriguez, Figueroa and Sanchez",Financial,tammy.fowler@Rodriguez.net
735,2019-03-31,1021,Joseph,Martin,1956-08-25,496.2,206.0,Texas,11352,Butler Group,Retail,joseph.martin@Butler.com
229,2019-01-31,1007,Christopher,Nguyen,1967-06-18,493.0,208.0,Pennsylvania,12653,Gould-Foster,Retail,christopher.nguyen@Gould.io
1772,2018-08-31,1050,Vincent,Jimenez,1979-04-14,496.37,210.0,New Yoke,94076,Foley-Diaz,Oil and Gas,vincent.jimenez@Foley.com
795,2018-03-31,1023,Kenneth,Buckley,1965-02-25,511.02,194.0,Florida,12375,Stafford-Miller,Oil and Gas,kenneth.buckley@Stafford.com
1281,2019-09-30,1036,Rachel,Murphy,1967-10-17,504.2,203.0,California,12693,Brown-Smith,Education,rachel.murphy@Brown.edu
1608,2019-12-31,1045,Tiffany,Nelson,1963-12-05,502.59,205.0,Florida,92228,Butler-Scott,Education,tiffany.nelson@Butler.edu
1081,2018-01-31,1031,Melissa,Smith,1946-04-06,506.27,199.0,California,10101,Harrison Group,Education,melissa.smith@Harrison.edu
287,2020-11-30,1008,Christopher,Perez,1960-11-07,500.17,200.0,Florida,11858,Wood Group,Oil and Gas,christopher.perez@Wood.io
720,2020-12-31,1020,John,Bullock,1994-08-12,498.07,200.0,Florida,11239,"Parks, Miranda and Conway",IT,john.bullock@Parks.io
488,2019-08-31,1014,Isaiah,Rodriguez,1952-09-11,517.05,197.0,Florida,10876,Gilbert Ltd,Retail,isaiah.rodriguez@Gilbert.com
1707,2019-03-31,1048,Tyler,Kelley,1982-09-23,515.22,197.0,New Yoke,94491,"Stewart, Hawkins and Nichols",Retail,tyler.kelley@Stewart.com
1652,2020-08-31,1046,Tim,Beasley,1950-08-16,489.1,210.0,New Yoke,90626,Ross PLC,IT,tim.beasley@Ross.io
482,2019-02-28,1014,Isaiah,Rodriguez,1952-09-11,488.85,188.0,Florida,10876,Gilbert Ltd,Retail,isaiah.rodriguez@Gilbert.com
1526,2019-02-28,1043,Taylor,Johnson,1948-01-19,496.39,205.0,Pennsylvania,90316,Mitchell and Sons,IT,taylor.johnson@Mitchell.com
1392,2019-12-31,1039,Samantha,Clark,1959-09-15,515.23,199.0,Texas,91720,Green Inc,Retail,samantha.clark@Green.net
136,2020-04-30,1004,Brian,Young,1961-06-28,493.76,207.0,California,11934,Turner Ltd,Education,brian.young@Turner.edu
922,2019-10-31,1026,Marcus,Burgess,1996-04-12,494.4,192.0,New Yoke,11661,"Knox, Keller and Reynolds",Financial,marcus.burgess@Knox.com
862,2020-10-31,1024,Kimberly,Joseph,1993-11-25,501.72,199.0,California,13137,"Reyes, Aguilar and Robinson",Education,kimberly.joseph@Reyes.edu
1689,2020-09-30,1047,Tonya,Bell,1969-05-15,518.12,190.0,New Yoke,92883,Brown-Spencer,IT,tonya.bell@Brown.com
212,2020-08-31,1006,Chad,Leon,1984-06-22,486.57,202.0,California,14701,"Short, Washington and Green",Education,chad.leon@Short.edu
1196,2018-08-31,1034,Michele,Rice,1981-06-02,498.43,198.0,Texas,14334,"Kelly, Johnson and Perez",Oil and Gas,michele.rice@Kelly.net
1369,2018-01-31,1039,Samantha,Clark,1959-09-15,507.99,207.0,Texas,91720,Green Inc,Retail,samantha.clark@Green.net
769,2019-01-31,1022,Karen,Mullen,1954-12-23,478.56,207.0,Pennsylvania,11150,Sanchez PLC,Oil and Gas,karen.mullen@Sanchez.com
1363,2020-07-31,1038,Ricky,Fowler,1988-12-10,500.81,207.0,Texas,95239,"Fisher, Webster and Garcia",Education,ricky.fowler@Fisher.edu
89,2019-05-31,1003,Brenda,Young,1961-08-14,501.22,197.0,California,11950,Watkins and Sons,Retail,brenda.young@Watkins.net
625,2019-01-31,1018,Jessica,White,1957-10-05,508.86,207.0,California,11485,Martinez Group,IT,jessica.white@Martinez.net
1621,2018-01-31,1046,Tim,Beasley,1950-08-16,497.76,189.0,New Yoke,90626,Ross PLC,IT,tim.beasley@Ross.io
299,2018-11-30,1009,Darrell,Ford,1976-12-07,490.45,199.0,Pennsylvania,13793,Austin-Adams,Education,darrell.ford@Austin.edu
914,2019-02-28,1026,Marcus,Burgess,1996-04-12,503.55,193.0,New Yoke,11661,"Knox, Keller and Reynolds",Financial,marcus.burgess@Knox.com
1788,2019-12-31,1050,Vincent,Jimenez,1979-04-14,494.6,207.0,New Yoke,94076,Foley-Diaz,Oil and Gas,vincent.jimenez@Foley.com
1711,2019-07-31,1048,Tyler,Kelley,1982-09-23,504.53,203.0,New Yoke,94491,"Stewart, Hawkins and Nichols",Retail,tyler.kelley@Stewart.com
848,2019-08-31,1024,Kimberly,Joseph,1993-11-25,489.8,212.0,California,13137,"Reyes, Aguilar and Robinson",Education,kimberly.joseph@Reyes.edu
1634,2019-02-28,1046,Tim,Beasley,1950-08-16,534.33,204.0,New Yoke,90626,Ross PLC,IT,tim.beasley@Ross.io
801,2018-09-30,1023,Kenneth,Buckley,1965-02-25,508.14,198.0,Florida,12375,Stafford-Miller,Oil and Gas,kenneth.buckley@Stafford.com
354,2020-06-30,1010,David,Duncan,1984-04-23,508.05,202.0,Texas,14681,"Johnson, Olson and Smith",Education,david.duncan@Johnson.edu
702,2019-06-30,1020,John,Bullock,1994-08-12,512.24,190.0,Florida,11239,"Parks, Miranda and Conway",IT,john.bullock@Parks.io
761,2018-05-31,1022,Karen,Mullen,1954-12-23,515.39,186.0,Pennsylvania,11150,Sanchez PLC,Oil and Gas,karen.mullen@Sanchez.com
1106,2020-02-29,1031,Melissa,Smith,1946-04-06,497.88,192.0,California,10101,Harrison Group,Education,melissa.smith@Harrison.edu
1336,2018-04-30,1038,Ricky,Fowler,1988-12-10,502.93,198.0,Texas,95239,"Fisher, Webster and Garcia",Education,ricky.fowler@Fisher.edu
676,2020-04-30,1019,Joel,Byrd,1991-07-04,503.2,204.0,California,10355,"Williams, Woodard and Martinez",IT,joel.byrd@Williams.io
46,2018-10-31,1002,Ashley,Blanchard,1949-04-10,493.63,198.0,New Yoke,10464,Davis LLC,Education,ashley.blanchard@Davis.edu
815,2019-11-30,1023,Kenneth,Buckley,1965-02-25,523.9,202.0,Florida,12375,Stafford-Miller,Oil and Gas,kenneth.buckley@Stafford.com
703,2019-07-31,1020,John,Bullock,1994-08-12,499.41,202.0,Florida,11239,"Parks, Miranda and Conway",IT,john.bullock@Parks.io
415,2019-07-31,1012,David,Wells,1977-09-20,475.86,208.0,Florida,13888,Adams-Rice,IT,david.wells@Adams.net
918,2019-06-30,1026,Marcus,Burgess,1996-04-12,503.02,184.0,New Yoke,11661,"Knox, Keller and Reynolds",Financial,marcus.burgess@Knox.com
1565,2019-05-31,1044,Theresa,Ortiz,1973-03-24,510.11,198.0,Pennsylvania,93347,Meyer-Miles,Financial,theresa.ortiz@Meyer.net
713,2020-05-31,1020,John,Bullock,1994-08-12,499.68,195.0,Florida,11239,"Parks, Miranda and Conway",IT,john.bullock@Parks.io
193,2019-01-31,1006,Chad,Leon,1984-06-22,519.05,192.0,California,14701,"Short, Washington and Green",Education,chad.leon@Short.edu
17,2019-05-31,1001,Alexandra,Taylor,1954-07-27,498.28,200.0,Florida,32554,Carroll Inc,Financial,alexandra.taylor@Carroll.net
1552,2018-04-30,1044,Theresa,Ortiz,1973-03-24,492.38,200.0,Pennsylvania,93347,Meyer-Miles,Financial,theresa.ortiz@Meyer.net
1777,2019-01-31,1050,Vincent,Jimenez,1979-04-14,516.04,204.0,New Yoke,94076,Foley-Diaz,Oil and Gas,vincent.jimenez@Foley.com
483,2019-03-31,1014,Isaiah,Rodriguez,1952-09-11,492.33,193.0,Florida,10876,Gilbert Ltd,Retail,isaiah.rodriguez@Gilbert.com
788,2020-08-31,1022,Karen,Mullen,1954-12-23,500.49,191.0,Pennsylvania,11150,Sanchez PLC,Oil and Gas,karen.mullen@Sanchez.com
773,2019-05-31,1022,Karen,Mullen,1954-12-23,509.54,197.0,Pennsylvania,11150,Sanchez PLC,Oil and Gas,karen.mullen@Sanchez.com
1400,2020-08-31,1039,Samantha,Clark,1959-09-15,497.69,205.0,Texas,91720,Green Inc,Retail,samantha.clark@Green.net
1417,2019-01-31,1040,Sara,Ellis,1976-08-19,509.65,203.0,Florida,93757,Riley-Warren,Retail,sara.ellis@Riley.net
111,2018-03-31,1004,Brian,Young,1961-06-28,486.27,198.0,California,11934,Turner Ltd,Education,brian.young@Turner.edu
1022,2019-02-28,1029,Melissa,Kelley,1982-09-22,494.79,188.0,Florida,14491,"Jones, George and Obrien",Retail,melissa.kelley@Jones.net
574,2020-10-31,1016,James,Ward,1970-01-10,518.53,199.0,Texas,12962,Harrison-Mitchell,Retail,james.ward@Harrison.net
655,2018-07-31,1019,Joel,Byrd,1991-07-04,497.17,201.0,California,10355,"Williams, Woodard and Martinez",IT,joel.byrd@Williams.io
1151,2020-11-30,1032,Michael,Jones,1950-09-11,495.71,194.0,Florida,10635,House and Sons,Oil and Gas,michael.jones@House.com
88,2019-04-30,1003,Brenda,Young,1961-08-14,503.78,209.0,California,11950,Watkins and Sons,Retail,brenda.young@Watkins.net
822,2020-06-30,1023,Kenneth,Buckley,1965-02-25,508.5,205.0,Florida,12375,Stafford-Miller,Oil and Gas,kenneth.buckley@Stafford.com
1418,2019-02-28,1040,Sara,Ellis,1976-08-19,524.24,200.0,Florida,93757,Riley-Warren,Retail,sara.ellis@Riley.net
322,2020-10-31,1009,Darrell,Ford,1976-12-07,492.03,222.0,Pennsylvania,13793,Austin-Adams,Education,darrell.ford@Austin.edu
1169,2019-05-31,1033,Michael,Hudson,1984-03-27,482.51,192.0,Pennsylvania,14673,"Jackson, Hall and Pittman",Oil and Gas,michael.hudson@Jackson.com
63,2020-03-31,1002,Ashley,Blanchard,1949-04-10,505.13,200.0,New Yoke,10464,Davis LLC,Education,ashley.blanchard@Davis.edu
147,2018-03-31,1005,Brittany,Dean,1987-10-25,500.78,213.0,Florida,12093,"Scott, Howard and Vaughn",IT,brittany.dean@Scott.io
1274,2019-02-28,1036,Rachel,Murphy,1967-10-17,501.01,190.0,California,12693,Brown-Smith,Education,rachel.murphy@Brown.edu
536,2020-08-31,1015,Jacqueline,Sanford,1959-08-25,496.08,203.0,New Yoke,11712,Smith Ltd,Retail,jacqueline.sanford@Smith.net
979,2018-07-31,1028,Mary,Rodriguez,1953-02-10,503.94,198.0,Texas,10926,Newton PLC,Education,mary.rodriguez@Newton.edu
1365,2020-09-30,1038,Ricky,Fowler,1988-12-10,496.28,194.0,Texas,95239,"Fisher, Webster and Garcia",Education,ricky.fowler@Fisher.edu
1780,2019-04-30,1050,Vincent,Jimenez,1979-04-14,509.51,205.0,New Yoke,94076,Foley-Diaz,Oil and Gas,vincent.jimenez@Foley.com
1045,2018-01-31,1030,Melissa,Ryan,1982-02-09,484.56,205.0,Pennsylvania,14417,"Morton, Carr and Howell",Oil and Gas,melissa.ryan@Morton.com
589,2019-01-31,1017,Jesse,Boyd,1980-12-11,501.42,194.0,,14277,"Perry, Turner and Diaz",Education,jesse.boyd@Perry.edu
143,2020-11-30,1004,Brian,Young,1961-06-28,508.69,189.0,California,11934,Turner Ltd,Education,brian.young@Turner.edu
695,2018-11-30,1020,John,Bullock,1994-08-12,497.32,206.0,Florida,11239,"Parks, Miranda and Conway",IT,john.bullock@Parks.io
728,2018-08-31,1021,Joseph,Martin,1956-08-25,500.29,193.0,Texas,11352,Butler Group,Retail,joseph.martin@Butler.com
803,2018-11-30,1023,Kenneth,Buckley,1965-02-25,485.36,185.0,Florida,12375,Stafford-Miller,Oil and Gas,kenneth.buckley@Stafford.com
1034,2020-02-29,1029,Melissa,Kelley,1982-09-22,493.59,194.0,Florida,14491,"Jones, George and Obrien",Retail,melissa.kelley@Jones.net
739,2019-07-31,1021,Joseph,Martin,1956-08-25,473.02,201.0,Texas,11352,Butler Group,Retail,joseph.martin@Butler.com
199,2019-07-31,1006,Chad,Leon,1984-06-22,508.11,207.0,California,14701,"Short, Washington and Green",Education,chad.leon@Short.edu
462,2020-06-30,1013,Fred,Green,1963-01-19,490.0,191.0,California,12122,Roberts-Blankenship,Oil and Gas,fred.green@Roberts.net
160,2019-04-30,1005,Brittany,Dean,1987-10-25,488.78,197.0,Florida,12093,"Scott, Howard and Vaughn",IT,brittany.dean@Scott.io
863,2020-11-30,1024,Kimberly,Joseph,1993-11-25,504.91,191.0,California,13137,"Reyes, Aguilar and Robinson",Education,kimberly.joseph@Reyes.edu
1398,2020-06-30,1039,Samantha,Clark,1959-09-15,507.33,195.0,Texas,91720,Green Inc,Retail,samantha.clark@Green.net
1240,2019-04-30,1035,Natalie,Dunn,1982-10-06,484.39,198.0,Texas,14495,"Rogers, Anderson and Peterson",Retail,natalie.dunn@Rogers.io
1443,2018-03-31,1041,Sarah,James,1971-05-10,505.05,196.0,New Yoke,93122,Cook-Riddle,Oil and Gas,sarah.james@Cook.net
84,2018-12-31,1003,Brenda,Young,1961-08-14,504.1,209.0,California,11950,Watkins and Sons,Retail,brenda.young@Watkins.net
1673,2019-05-31,1047,Tonya,Bell,1969-05-15,494.27,208.0,New Yoke,92883,Brown-Spencer,IT,tonya.bell@Brown.com
1310,2019-02-28,1037,Renee,Fleming,1991-11-02,507.17,195.0,Florida,10751,"Franklin, Mcconnell and Ortega",IT,renee.fleming@Franklin.com
1379,2018-11-30,1039,Samantha,Clark,1959-09-15,505.07,197.0,Texas,91720,Green Inc,Retail,samantha.clark@Green.net
1666,2018-10-31,1047,Tonya,Bell,1969-05-15,482.56,200.0,New Yoke,92883,Brown-Spencer,IT,tonya.bell@Brown.com
428,2020-08-31,1012,David,Wells,1977-09-20,503.5,201.0,Florida,13888,Adams-Rice,IT,david.wells@Adams.net
290,2018-02-28,1009,Darrell,Ford,1976-12-07,500.81,209.0,Pennsylvania,13793,Austin-Adams,Education,darrell.ford@Austin.edu
531,2020-03-31,1015,Jacqueline,Sanford,1959-08-25,516.21,199.0,New Yoke,11712,Smith Ltd,Retail,jacqueline.sanford@Smith.net
1702,2018-10-31,1048,Tyler,Kelley,1982-09-23,501.1,197.0,New Yoke,94491,"Stewart, Hawkins and Nichols",Retail,tyler.kelley@Stewart.com
624,2018-12-31,1018,Jessica,White,1957-10-05,499.6,201.0,California,11485,Martinez Group,IT,jessica.white@Martinez.net
1181,2020-05-31,1033,Michael,Hudson,1984-03-27,486.86,187.0,Pennsylvania,14673,"Jackson, Hall and Pittman",Oil and Gas,michael.hudson@Jackson.com
402,2018-06-30,1012,David,Wells,1977-09-20,500.76,211.0,Florida,13888,Adams-Rice,IT,david.wells@Adams.net
155,2018-11-30,1005,Brittany,Dean,1987-10-25,504.41,204.0,Florida,12093,"Scott, Howard and Vaughn",IT,brittany.dean@Scott.io
1319,2019-11-30,1037,Renee,Fleming,1991-11-02,505.47,191.0,Florida,10751,"Franklin, Mcconnell and Ortega",IT,renee.fleming@Franklin.com
1147,2020-07-31,1032,Michael,Jones,1950-09-11,490.18,197.0,Florida,10635,House and Sons,Oil and Gas,michael.jones@House.com
929,2020-05-31,1026,Marcus,Burgess,1996-04-12,505.01,198.0,New Yoke,11661,"Knox, Keller and Reynolds",Financial,marcus.burgess@Knox.com
1191,2018-03-31,1034,Michele,Rice,1981-06-02,492.25,194.0,Texas,14334,"Kelly, Johnson and Perez",Oil and Gas,michele.rice@Kelly.net
1067,2019-11-30,1030,Melissa,Ryan,1982-02-09,500.14,205.0,Pennsylvania,14417,"Morton, Carr and Howell",Oil and Gas,melissa.ryan@Morton.com
673,2020-01-31,1019,Joel,Byrd,1991-07-04,504.1,209.0,California,10355,"Williams, Woodard and Martinez",IT,joel.byrd@Williams.io
1667,2018-11-30,1047,Tonya,Bell,1969-05-15,507.16,200.0,New Yoke,92883,Brown-Spencer,IT,tonya.bell@Brown.com
627,2019-03-31,1018,Jessica,White,1957-10-05,507.98,201.0,California,11485,Martinez Group,IT,jessica.white@Martinez.net
1159,2018-07-31,1033,Michael,Hudson,1984-03-27,511.28,207.0,Pennsylvania,14673,"Jackson, Hall and Pittman",Oil and Gas,michael.hudson@Jackson.com
557,2019-05-31,1016,James,Ward,1970-01-10,497.78,196.0,Texas,12962,Harrison-Mitchell,Retail,james.ward@Harrison.net
315,2020-03-31,1009,Darrell,Ford,1976-12-07,530.31,194.0,Pennsylvania,13793,Austin-Adams,Education,darrell.ford@Austin.edu
1376,2018-08-31,1039,Samantha,Clark,1959-09-15,486.75,192.0,Texas,91720,Green Inc,Retail,samantha.clark@Green.net
594,2019-06-30,1017,Jesse,Boyd,1980-12-11,517.11,205.0,,14277,"Perry, Turner and Diaz",Education,jesse.boyd@Perry.edu
427,2020-07-31,1012,David,Wells,1977-09-20,495.21,196.0,Florida,13888,Adams-Rice,IT,david.wells@Adams.net
1261,2018-01-31,1036,Rachel,Murphy,1967-10-17,499.97,199.0,California,12693,Brown-Smith,Education,rachel.murphy@Brown.edu
1461,2019-09-30,1041,Sarah,James,1971-05-10,486.64,190.0,New Yoke,93122,Cook-Riddle,Oil and Gas,sarah.james@Cook.net
1527,2019-03-31,1043,Taylor,Johnson,1948-01-19,504.73,196.0,Pennsylvania,90316,Mitchell and Sons,IT,taylor.johnson@Mitchell.com
1226,2018-02-28,1035,Natalie,Dunn,1982-10-06,505.73,196.0,Texas,14495,"Rogers, Anderson and Peterson",Retail,natalie.dunn@Rogers.io
492,2019-12-31,1014,Isaiah,Rodriguez,1952-09-11,506.3,192.0,Florida,10876,Gilbert Ltd,Retail,isaiah.rodriguez@Gilbert.com
523,2019-07-31,1015,Jacqueline,Sanford,1959-08-25,501.28,194.0,New Yoke,11712,Smith Ltd,Retail,jacqueline.sanford@Smith.net
1524,2018-12-31,1043,Taylor,Johnson,1948-01-19,503.96,193.0,Pennsylvania,90316,Mitchell and Sons,IT,taylor.johnson@Mitchell.com
493,2020-01-31,1014,Isaiah,Rodriguez,1952-09-11,495.85,194.0,Florida,10876,Gilbert Ltd,Retail,isaiah.rodriguez@Gilbert.com
423,2020-03-31,1012,David,Wells,1977-09-20,496.25,189.0,Florida,13888,Adams-Rice,IT,david.wells@Adams.net
640,2020-04-30,1018,Jessica,White,1957-10-05,495.93,193.0,California,11485,Martinez Group,IT,jessica.white@Martinez.net
1211,2019-11-30,1034,Michele,Rice,1981-06-02,510.79,196.0,Texas,14334,"Kelly, Johnson and Perez",Oil and Gas,michele.rice@Kelly.net
445,2019-01-31,1013,Fred,Green,1963-01-19,496.69,196.0,California,12122,Roberts-Blankenship,Oil and Gas,fred.green@Roberts.net
809,2019-05-31,1023,Kenneth,Buckley,1965-02-25,502.09,210.0,Florida,12375,Stafford-Miller,Oil and Gas,kenneth.buckley@Stafford.com
1692,2020-12-31,1047,Tonya,Bell,1969-05-15,490.71,205.0,New Yoke,92883,Brown-Spencer,IT,tonya.bell@Brown.com
989,2019-05-31,1028,Mary,Rodriguez,1953-02-10,494.7,210.0,Texas,10926,Newton PLC,Education,mary.rodriguez@Newton.edu
1704,2018-12-31,1048,Tyler,Kelley,1982-09-23,496.12,195.0,New Yoke,94491,"Stewart, Hawkins and Nichols",Retail,tyler.kelley@Stewart.com
1249,2020-01-31,1035,Natalie,Dunn,1982-10-06,497.73,202.0,Texas,14495,"Rogers, Anderson and Peterson",Retail,natalie.dunn@Rogers.io
1570,2019-10-31,1044,Theresa,Ortiz,1973-03-24,481.43,189.0,Pennsylvania,93347,Meyer-Miles,Financial,theresa.ortiz@Meyer.net
900,2020-12-31,1025,Kristin,Bennett,1971-01-29,485.06,200.0,Pennsylvania,13089,Mack-Bridges,IT,kristin.bennett@Mack.io
1459,2019-07-31,1041,Sarah,James,1971-05-10,501.39,203.0,New Yoke,93122,Cook-Riddle,Oil and Gas,sarah.james@Cook.net
410,2019-02-28,1012,David,Wells,1977-09-20,511.04,197.0,Florida,13888,Adams-Rice,IT,david.wells@Adams.net
13,2019-01-31,1001,Alexandra,Taylor,1954-07-27,496.78,200.0,Florida,32554,Carroll Inc,Financial,alexandra.taylor@Carroll.net
945,2018-09-30,1027,Mary,Wong,1989-07-22,501.4,222.0,Florida,13932,"Castillo, Ramirez and Mitchell",Oil and Gas,mary.wong@Castillo.net
405,2018-09-30,1012,David,Wells,1977-09-20,495.77,206.0,Florida,13888,Adams-Rice,IT,david.wells@Adams.net
1460,2019-08-31,1041,Sarah,James,1971-05-10,487.96,204.0,New Yoke,93122,Cook-Riddle,Oil and Gas,sarah.james@Cook.net
74,2018-02-28,1003,Brenda,Young,1961-08-14,508.76,200.0,California,11950,Watkins and Sons,Retail,brenda.young@Watkins.net
196,2019-04-30,1006,Chad,Leon,1984-06-22,483.73,213.0,California,14701,"Short, Washington and Green",Education,chad.leon@Short.edu
400,2018-04-30,1012,David,Wells,1977-09-20,521.11,206.0,Florida,13888,Adams-Rice,IT,david.wells@Adams.net
309,2019-09-30,1009,Darrell,Ford,1976-12-07,506.22,206.0,Pennsylvania,13793,Austin-Adams,Education,darrell.ford@Austin.edu
600,2019-12-31,1017,Jesse,Boyd,1980-12-11,513.85,188.0,,14277,"Perry, Turner and Diaz",Education,jesse.boyd@Perry.edu
726,2018-06-30,1021,Joseph,Martin,1956-08-25,502.83,201.0,Texas,11352,Butler Group,Retail,joseph.martin@Butler.com
933,2020-09-30,1026,Marcus,Burgess,1996-04-12,491.2,203.0,New Yoke,11661,"Knox, Keller and Reynolds",Financial,marcus.burgess@Knox.com
1387,2019-07-31,1039,Samantha,Clark,1959-09-15,492.75,185.0,Texas,91720,Green Inc,Retail,samantha.clark@Green.net
622,2018-10-31,1018,Jessica,White,1957-10-05,481.76,195.0,California,11485,Martinez Group,IT,jessica.white@Martinez.net
216,2020-12-31,1006,Chad,Leon,1984-06-22,508.76,202.0,California,14701,"Short, Washington and Green",Education,chad.leon@Short.edu
1688,2020-08-31,1047,Tonya,Bell,1969-05-15,505.39,205.0,New Yoke,92883,Brown-Spencer,IT,tonya.bell@Brown.com
164,2019-08-31,1005,Brittany,Dean,1987-10-25,497.03,191.0,Florida,12093,"Scott, Howard and Vaughn",IT,brittany.dean@Scott.io
705,2019-09-30,1020,John,Bullock,1994-08-12,495.22,185.0,Florida,11239,"Parks, Miranda and Conway",IT,john.bullock@Parks.io
1218,2020-06-30,1034,Michele,Rice,1981-06-02,494.13,216.0,Texas,14334,"Kelly, Johnson and Perez",Oil and Gas,michele.rice@Kelly.net
561,2019-09-30,1016,James,Ward,1970-01-10,508.53,203.0,Texas,12962,Harrison-Mitchell,Retail,james.ward@Harrison.net
1607,2019-11-30,1045,Tiffany,Nelson,1963-12-05,516.33,199.0,Florida,92228,Butler-Scott,Education,tiffany.nelson@Butler.edu
540,2020-12-31,1015,Jacqueline,Sanford,1959-08-25,503.62,188.0,New Yoke,11712,Smith Ltd,Retail,jacqueline.sanford@Smith.net
994,2019-10-31,1028,Mary,Rodriguez,1953-02-10,507.18,212.0,Texas,10926,Newton PLC,Education,mary.rodriguez@Newton.edu
792,2020-12-31,1022,Karen,Mullen,1954-12-23,503.62,208.0,Pennsylvania,11150,Sanchez PLC,Oil and Gas,karen.mullen@Sanchez.com
699,2019-03-31,1020,John,Bullock,1994-08-12,488.19,190.0,Florida,11239,"Parks, Miranda and Conway",IT,john.bullock@Parks.io
281,2020-05-31,1008,Christopher,Perez,1960-11-07,492.18,210.0,Florida,11858,Wood Group,Oil and Gas,christopher.perez@Wood.io
1731,2018-03-31,1049,Tyler,Jones,1949-12-23,509.89,202.0,California,90548,Cooper Inc,Education,tyler.jones@Cooper.edu
498,2020-06-30,1014,Isaiah,Rodriguez,1952-09-11,477.63,202.0,Florida,10876,Gilbert Ltd,Retail,isaiah.rodriguez@Gilbert.com
312,2019-12-31,1009,Darrell,Ford,1976-12-07,503.05,189.0,Pennsylvania,13793,Austin-Adams,Education,darrell.ford@Austin.edu
132,2019-12-31,1004,Brian,Young,1961-06-28,493.96,197.0,California,11934,Turner Ltd,Education,brian.young@Turner.edu
252,2020-12-31,1007,Christopher,Nguyen,1967-06-18,497.69,204.0,Pennsylvania,12653,Gould-Foster,Retail,christopher.nguyen@Gould.io
1537,2020-01-31,1043,Taylor,Johnson,1948-01-19,504.97,205.0,Pennsylvania,90316,Mitchell and Sons,IT,taylor.johnson@Mitchell.com
496,2020-04-30,1014,Isaiah,Rodriguez,1952-09-11,491.71,205.0,Florida,10876,Gilbert Ltd,Retail,isaiah.rodriguez@Gilbert.com
1092,2018-12-31,1031,Melissa,Smith,1946-04-06,502.26,204.0,California,10101,Harrison Group,Education,melissa.smith@Harrison.edu
859,2020-07-31,1024,Kimberly,Joseph,1993-11-25,506.15,189.0,California,13137,"Reyes, Aguilar and Robinson",Education,kimberly.joseph@Reyes.edu
1068,2019-12-31,1030,Melissa,Ryan,1982-02-09,485.2,201.0,Pennsylvania,14417,"Morton, Carr and Howell",Oil and Gas,melissa.ryan@Morton.com
1332,2020-12-31,1037,Renee,Fleming,1991-11-02,500.68,199.0,Florida,10751,"Franklin, Mcconnell and Ortega",IT,renee.fleming@Franklin.com
759,2018-03-31,1022,Karen,Mullen,1954-12-23,499.54,206.0,Pennsylvania,11150,Sanchez PLC,Oil and Gas,karen.mullen@Sanchez.com
586,2018-10-31,1017,Jesse,Boyd,1980-12-11,499.72,197.0,,14277,"Perry, Turner and Diaz",Education,jesse.boyd@Perry.edu
1345,2019-01-31,1038,Ricky,Fowler,1988-12-10,491.56,208.0,Texas,95239,"Fisher, Webster and Garcia",Education,ricky.fowler@Fisher.edu
738,2019-06-30,1021,Joseph,Martin,1956-08-25,493.13,198.0,Texas,11352,Butler Group,Retail,joseph.martin@Butler.com
943,2018-07-31,1027,Mary,Wong,1989-07-22,509.35,204.0,Florida,13932,"Castillo, Ramirez and Mitchell",Oil and Gas,mary.wong@Castillo.net
360,2020-12-31,1010,David,Duncan,1984-04-23,493.28,219.0,Texas,14681,"Johnson, Olson and Smith",Education,david.duncan@Johnson.edu
861,2020-09-30,1024,Kimberly,Joseph,1993-11-25,490.22,213.0,California,13137,"Reyes, Aguilar and Robinson",Education,kimberly.joseph@Reyes.edu
823,2020-07-31,1023,Kenneth,Buckley,1965-02-25,498.78,198.0,Florida,12375,Stafford-Miller,Oil and Gas,kenneth.buckley@Stafford.com
780,2019-12-31,1022,Karen,Mullen,1954-12-23,480.42,201.0,Pennsylvania,11150,Sanchez PLC,Oil and Gas,karen.mullen@Sanchez.com
1231,2018-07-31,1035,Natalie,Dunn,1982-10-06,510.99,200.0,Texas,14495,"Rogers, Anderson and Peterson",Retail,natalie.dunn@Rogers.io
240,2019-12-31,1007,Christopher,Nguyen,1967-06-18,508.25,199.0,Pennsylvania,12653,Gould-Foster,Retail,christopher.nguyen@Gould.io
351,2020-03-31,1010,David,Duncan,1984-04-23,510.1,196.0,Texas,14681,"Johnson, Olson and Smith",Education,david.duncan@Johnson.edu
1013,2018-05-31,1029,Melissa,Kelley,1982-09-22,485.91,203.0,Florida,14491,"Jones, George and Obrien",Retail,melissa.kelley@Jones.net
1032,2019-12-31,1029,Melissa,Kelley,1982-09-22,496.45,192.0,Florida,14491,"Jones, George and Obrien",Retail,melissa.kelley@Jones.net
1606,2019-10-31,1045,Tiffany,Nelson,1963-12-05,507.85,196.0,Florida,92228,Butler-Scott,Education,tiffany.nelson@Butler.edu
636,2019-12-31,1018,Jessica,White,1957-10-05,505.02,198.0,California,11485,Martinez Group,IT,jessica.white@Martinez.net
1701,2018-09-30,1048,Tyler,Kelley,1982-09-23,487.11,204.0,New Yoke,94491,"Stewart, Hawkins and Nichols",Retail,tyler.kelley@Stewart.com
710,2020-02-29,1020,John,Bullock,1994-08-12,485.15,194.0,Florida,11239,"Parks, Miranda and Conway",IT,john.bullock@Parks.io
791,2020-11-30,1022,Karen,Mullen,1954-12-23,479.14,207.0,Pennsylvania,11150,Sanchez PLC,Oil and Gas,karen.mullen@Sanchez.com
572,2020-08-31,1016,James,Ward,1970-01-10,506.44,195.0,Texas,12962,Harrison-Mitchell,Retail,james.ward@Harrison.net
1134,2019-06-30,1032,Michael,Jones,1950-09-11,500.47,196.0,Florida,10635,House and Sons,Oil and Gas,michael.jones@House.com
955,2019-07-31,1027,Mary,Wong,1989-07-22,490.52,212.0,Florida,13932,"Castillo, Ramirez and Mitchell",Oil and Gas,mary.wong@Castillo.net
1578,2020-06-30,1044,Theresa,Ortiz,1973-03-24,484.64,206.0,Pennsylvania,93347,Meyer-Miles,Financial,theresa.ortiz@Meyer.net
1283,2019-11-30,1036,Rachel,Murphy,1967-10-17,504.82,199.0,California,12693,Brown-Smith,Education,rachel.murphy@Brown.edu
28,2020-04-30,1001,Alexandra,Taylor,1954-07-27,490.64,192.0,Florida,32554,Carroll Inc,Financial,alexandra.taylor@Carroll.net
426,2020-06-30,1012,David,Wells,1977-09-20,500.53,193.0,Florida,13888,Adams-Rice,IT,david.wells@Adams.net
1086,2018-06-30,1031,Melissa,Smith,1946-04-06,495.98,201.0,California,10101,Harrison Group,Education,melissa.smith@Harrison.edu
1484,2018-08-31,1042,Tammy,Fowler,1988-12-09,497.8,188.0,Florida,95239,"Rodriguez, Figueroa and Sanchez",Financial,tammy.fowler@Rodriguez.net
645,2020-09-30,1018,Jessica,White,1957-10-05,489.61,193.0,California,11485,Martinez Group,IT,jessica.white@Martinez.net
489,2019-09-30,1014,Isaiah,Rodriguez,1952-09-11,510.4,190.0,Florida,10876,Gilbert Ltd,Retail,isaiah.rodriguez@Gilbert.com
1404,2020-12-31,1039,Samantha,Clark,1959-09-15,502.51,179.0,Texas,91720,Green Inc,Retail,samantha.clark@Green.net
1541,2020-05-31,1043,Taylor,Johnson,1948-01-19,511.59,207.0,Pennsylvania,90316,Mitchell and Sons,IT,taylor.johnson@Mitchell.com
937,2018-01-31,1027,Mary,Wong,1989-07-22,509.31,208.0,Florida,13932,"Castillo, Ramirez and Mitchell",Oil and Gas,mary.wong@Castillo.net
1359,2020-03-31,1038,Ricky,Fowler,1988-12-10,493.73,186.0,Texas,95239,"Fisher, Webster and Garcia",Education,ricky.fowler@Fisher.edu
497,2020-05-31,1014,Isaiah,Rodriguez,1952-09-11,505.29,200.0,Florida,10876,Gilbert Ltd,Retail,isaiah.rodriguez@Gilbert.com
599,2019-11-30,1017,Jesse,Boyd,1980-12-11,495.34,194.0,,14277,"Perry, Turner and Diaz",Education,jesse.boyd@Perry.edu
1627,2018-07-31,1046,Tim,Beasley,1950-08-16,498.64,206.0,New Yoke,90626,Ross PLC,IT,tim.beasley@Ross.io
812,2019-08-31,1023,Kenneth,Buckley,1965-02-25,489.38,203.0,Florida,12375,Stafford-Miller,Oil and Gas,kenneth.buckley@Stafford.com
91,2019-07-31,1003,Brenda,Young,1961-08-14,511.99,203.0,California,11950,Watkins and Sons,Retail,brenda.young@Watkins.net
51,2019-03-31,1002,Ashley,Blanchard,1949-04-10,503.0,207.0,New Yoke,10464,Davis LLC,Education,ashley.blanchard@Davis.edu
263,2018-11-30,1008,Christopher,Perez,1960-11-07,507.95,194.0,Florida,11858,Wood Group,Oil and Gas,christopher.perez@Wood.io
853,2020-01-31,1024,Kimberly,Joseph,1993-11-25,499.64,208.0,California,13137,"Reyes, Aguilar and Robinson",Education,kimberly.joseph@Reyes.edu
1477,2018-01-31,1042,Tammy,Fowler,1988-12-09,515.29,201.0,Florida,95239,"Rodriguez, Figueroa and Sanchez",Financial,tammy.fowler@Rodriguez.net
149,2018-05-31,1005,Brittany,Dean,1987-10-25,502.32,205.0,Florida,12093,"Scott, Howard and Vaughn",IT,brittany.dean@Scott.io
1285,2020-01-31,1036,Rachel,Murphy,1967-10-17,489.02,206.0,California,12693,Brown-Smith,Education,rachel.murphy@Brown.edu
391,2020-07-31,1011,David,Chavez,1976-03-17,485.73,213.0,Texas,13706,Glenn-Vincent,Retail,david.chavez@Glenn.io
1505,2020-05-31,1042,Tammy,Fowler,1988-12-09,493.57,193.0,Florida,95239,"Rodriguez, Figueroa and Sanchez",Financial,tammy.fowler@Rodriguez.net
79,2018-07-31,1003,Brenda,Young,1961-08-14,502.3,205.0,California,11950,Watkins and Sons,Retail,brenda.young@Watkins.net
978,2018-06-30,1028,Mary,Rodriguez,1953-02-10,495.74,206.0,Texas,10926,Newton PLC,Education,mary.rodriguez@Newton.edu
1530,2019-06-30,1043,Taylor,Johnson,1948-01-19,491.83,197.0,Pennsylvania,90316,Mitchell and Sons,IT,taylor.johnson@Mitchell.com
1129,2019-01-31,1032,Michael,Jones,1950-09-11,504.23,204.0,Florida,10635,House and Sons,Oil and Gas,michael.jones@House.com
36,2020-12-31,1001,Alexandra,Taylor,1954-07-27,499.87,210.0,Florida,32554,Carroll Inc,Financial,alexandra.taylor@Carroll.net
1542,2020-06-30,1043,Taylor,Johnson,1948-01-19,488.44,192.0,Pennsylvania,90316,Mitchell and Sons,IT,taylor.johnson@Mitchell.com
1330,2020-10-31,1037,Renee,Fleming,1991-11-02,495.73,189.0,Florida,10751,"Franklin, Mcconnell and Ortega",IT,renee.fleming@Franklin.com
872,2018-08-31,1025,Kristin,Bennett,1971-01-29,482.89,193.0,Pennsylvania,13089,Mack-Bridges,IT,kristin.bennett@Mack.io
1789,2020-01-31,1050,Vincent,Jimenez,1979-04-14,516.31,214.0,New Yoke,94076,Foley-Diaz,Oil and Gas,vincent.jimenez@Foley.com
324,2020-12-31,1009,Darrell,Ford,1976-12-07,491.74,187.0,Pennsylvania,13793,Austin-Adams,Education,darrell.ford@Austin.edu
942,2018-06-30,1027,Mary,Wong,1989-07-22,497.9,196.0,Florida,13932,"Castillo, Ramirez and Mitchell",Oil and Gas,mary.wong@Castillo.net
7,2018-07-31,1001,Alexandra,Taylor,1954-07-27,517.45,204.0,Florida,32554,Carroll Inc,Financial,alexandra.taylor@Carroll.net
1119,2018-03-31,1032,Michael,Jones,1950-09-11,496.21,194.0,Florida,10635,House and Sons,Oil and Gas,michael.jones@House.com
1751,2019-11-30,1049,Tyler,Jones,1949-12-23,490.39,197.0,California,90548,Cooper Inc,Education,tyler.jones@Cooper.edu
454,2019-10-31,1013,Fred,Green,1963-01-19,492.78,203.0,California,12122,Roberts-Blankenship,Oil and Gas,fred.green@Roberts.net
752,2020-08-31,1021,Joseph,Martin,1956-08-25,500.0,203.0,Texas,11352,Butler Group,Retail,joseph.martin@Butler.com
1556,2018-08-31,1044,Theresa,Ortiz,1973-03-24,498.11,190.0,Pennsylvania,93347,Meyer-Miles,Financial,theresa.ortiz@Meyer.net
217,2018-01-31,1007,Christopher,Nguyen,1967-06-18,506.23,196.0,Pennsylvania,12653,Gould-Foster,Retail,christopher.nguyen@Gould.io
1273,2019-01-31,1036,Rachel,Murphy,1967-10-17,496.87,196.0,California,12693,Brown-Smith,Education,rachel.murphy@Brown.edu
396,2020-12-31,1011,David,Chavez,1976-03-17,507.95,205.0,Texas,13706,Glenn-Vincent,Retail,david.chavez@Glenn.io
1083,2018-03-31,1031,Melissa,Smith,1946-04-06,502.89,206.0,California,10101,Harrison Group,Education,melissa.smith@Harrison.edu
505,2018-01-31,1015,Jacqueline,Sanford,1959-08-25,497.41,192.0,New Yoke,11712,Smith Ltd,Retail,jacqueline.sanford@Smith.net
384,2019-12-31,1011,David,Chavez,1976-03-17,495.52,201.0,Texas,13706,Glenn-Vincent,Retail,david.chavez@Glenn.io
311,2019-11-30,1009,Darrell,Ford,1976-12-07,511.23,206.0,Pennsylvania,13793,Austin-Adams,Education,darrell.ford@Austin.edu
1213,2020-01-31,1034,Michele,Rice,1981-06-02,495.69,196.0,Texas,14334,"Kelly, Johnson and Perez",Oil and Gas,michele.rice@Kelly.net
1223,2020-11-30,1034,Michele,Rice,1981-06-02,503.19,206.0,Texas,14334,"Kelly, Johnson and Perez",Oil and Gas,michele.rice@Kelly.net
522,2019-06-30,1015,Jacqueline,Sanford,1959-08-25,494.6,194.0,New Yoke,11712,Smith Ltd,Retail,jacqueline.sanford@Smith.net
835,2018-07-31,1024,Kimberly,Joseph,1993-11-25,498.49,198.0,California,13137,"Reyes, Aguilar and Robinson",Education,kimberly.joseph@Reyes.edu
709,2020-01-31,1020,John,Bullock,1994-08-12,496.37,197.0,Florida,11239,"Parks, Miranda and Conway",IT,john.bullock@Parks.io
1415,2018-11-30,1040,Sara,Ellis,1976-08-19,478.29,195.0,Florida,93757,Riley-Warren,Retail,sara.ellis@Riley.net
206,2020-02-29,1006,Chad,Leon,1984-06-22,482.39,192.0,California,14701,"Short, Washington and Green",Education,chad.leon@Short.edu
1686,2020-06-30,1047,Tonya,Bell,1969-05-15,500.01,206.0,New Yoke,92883,Brown-Spencer,IT,tonya.bell@Brown.com
1197,2018-09-30,1034,Michele,Rice,1981-06-02,493.54,189.0,Texas,14334,"Kelly, Johnson and Perez",Oil and Gas,michele.rice@Kelly.net
1467,2020-03-31,1041,Sarah,James,1971-05-10,520.39,209.0,New Yoke,93122,Cook-Riddle,Oil and Gas,sarah.james@Cook.net
1366,2020-10-31,1038,Ricky,Fowler,1988-12-10,509.16,196.0,Texas,95239,"Fisher, Webster and Garcia",Education,ricky.fowler@Fisher.edu
715,2020-07-31,1020,John,Bullock,1994-08-12,502.88,198.0,Florida,11239,"Parks, Miranda and Conway",IT,john.bullock@Parks.io
1182,2020-06-30,1033,Michael,Hudson,1984-03-27,497.58,206.0,Pennsylvania,14673,"Jackson, Hall and Pittman",Oil and Gas,michael.hudson@Jackson.com
665,2019-05-31,1019,Joel,Byrd,1991-07-04,506.93,198.0,California,10355,"Williams, Woodard and Martinez",IT,joel.byrd@Williams.io
680,2020-08-31,1019,Joel,Byrd,1991-07-04,504.64,203.0,California,10355,"Williams, Woodard and Martinez",IT,joel.byrd@Williams.io
1755,2020-03-31,1049,Tyler,Jones,1949-12-23,493.9,211.0,California,90548,Cooper Inc,Education,tyler.jones@Cooper.edu
576,2020-12-31,1016,James,Ward,1970-01-10,505.14,203.0,Texas,12962,Harrison-Mitchell,Retail,james.ward@Harrison.net
770,2019-02-28,1022,Karen,Mullen,1954-12-23,496.3,200.0,Pennsylvania,11150,Sanchez PLC,Oil and Gas,karen.mullen@Sanchez.com
631,2019-07-31,1018,Jessica,White,1957-10-05,489.19,208.0,California,11485,Martinez Group,IT,jessica.white@Martinez.net
316,2020-04-30,1009,Darrell,Ford,1976-12-07,508.25,193.0,Pennsylvania,13793,Austin-Adams,Education,darrell.ford@Austin.edu
1200,2018-12-31,1034,Michele,Rice,1981-06-02,489.14,202.0,Texas,14334,"Kelly, Johnson and Perez",Oil and Gas,michele.rice@Kelly.net
1676,2019-08-31,1047,Tonya,Bell,1969-05-15,499.73,208.0,New Yoke,92883,Brown-Spencer,IT,tonya.bell@Brown.com
1371,2018-03-31,1039,Samantha,Clark,1959-09-15,505.21,207.0,Texas,91720,Green Inc,Retail,samantha.clark@Green.net
1380,2018-12-31,1039,Samantha,Clark,1959-09-15,498.83,200.0,Texas,91720,Green Inc,Retail,samantha.clark@Green.net
1306,2018-10-31,1037,Renee,Fleming,1991-11-02,495.34,201.0,Florida,10751,"Franklin, Mcconnell and Ortega",IT,renee.fleming@Franklin.com
1049,2018-05-31,1030,Melissa,Ryan,1982-02-09,515.94,203.0,Pennsylvania,14417,"Morton, Carr and Howell",Oil and Gas,melissa.ryan@Morton.com
1563,2019-03-31,1044,Theresa,Ortiz,1973-03-24,504.38,198.0,Pennsylvania,93347,Meyer-Miles,Financial,theresa.ortiz@Meyer.net
1581,2020-09-30,1044,Theresa,Ortiz,1973-03-24,509.24,213.0,Pennsylvania,93347,Meyer-Miles,Financial,theresa.ortiz@Meyer.net
1073,2020-05-31,1030,Melissa,Ryan,1982-02-09,515.59,199.0,Pennsylvania,14417,"Morton, Carr and Howell",Oil and Gas,melissa.ryan@Morton.com
1110,2020-06-30,1031,Melissa,Smith,1946-04-06,511.31,211.0,California,10101,Harrison Group,Education,melissa.smith@Harrison.edu
1765,2018-01-31,1050,Vincent,Jimenez,1979-04-14,491.72,202.0,New Yoke,94076,Foley-Diaz,Oil and Gas,vincent.jimenez@Foley.com
189,2018-09-30,1006,Chad,Leon,1984-06-22,502.81,203.0,California,14701,"Short, Washington and Green",Education,chad.leon@Short.edu
190,2018-10-31,1006,Chad,Leon,1984-06-22,499.27,204.0,California,14701,"Short, Washington and Green",Education,chad.leon@Short.edu
771,2019-03-31,1022,Karen,Mullen,1954-12-23,499.83,198.0,Pennsylvania,11150,Sanchez PLC,Oil and Gas,karen.mullen@Sanchez.com
664,2019-04-30,1019,Joel,Byrd,1991-07-04,490.2,199.0,California,10355,"Williams, Woodard and Martinez",IT,joel.byrd@Williams.io
243,2020-03-31,1007,Christopher,Nguyen,1967-06-18,499.98,199.0,Pennsylvania,12653,Gould-Foster,Retail,christopher.nguyen@Gould.io
1600,2019-04-30,1045,Tiffany,Nelson,1963-12-05,499.82,202.0,Florida,92228,Butler-Scott,Education,tiffany.nelson@Butler.edu
1762,2020-10-31,1049,Tyler,Jones,1949-12-23,503.1,196.0,California,90548,Cooper Inc,Education,tyler.jones@Cooper.edu
690,2018-06-30,1020,John,Bullock,1994-08-12,501.4,214.0,Florida,11239,"Parks, Miranda and Conway",IT,john.bullock@Parks.io
500,2020-08-31,1014,Isaiah,Rodriguez,1952-09-11,499.82,211.0,Florida,10876,Gilbert Ltd,Retail,isaiah.rodriguez@Gilbert.com
42,2018-06-30,1002,Ashley,Blanchard,1949-04-10,491.12,205.0,New Yoke,10464,Davis LLC,Education,ashley.blanchard@Davis.edu
450,2019-06-30,1013,Fred,Green,1963-01-19,514.58,202.0,California,12122,Roberts-Blankenship,Oil and Gas,fred.green@Roberts.net
100,2020-04-30,1003,Brenda,Young,1961-08-14,506.98,184.0,California,11950,Watkins and Sons,Retail,brenda.young@Watkins.net
1111,2020-07-31,1031,Melissa,Smith,1946-04-06,493.79,204.0,California,10101,Harrison Group,Education,melissa.smith@Harrison.edu
584,2018-08-31,1017,Jesse,Boyd,1980-12-11,499.33,196.0,,14277,"Perry, Turner and Diaz",Education,jesse.boyd@Perry.edu
1489,2019-01-31,1042,Tammy,Fowler,1988-12-09,510.08,203.0,Florida,95239,"Rodriguez, Figueroa and Sanchez",Financial,tammy.fowler@Rodriguez.net
486,2019-06-30,1014,Isaiah,Rodriguez,1952-09-11,505.92,203.0,Florida,10876,Gilbert Ltd,Retail,isaiah.rodriguez@Gilbert.com
722,2018-02-28,1021,Joseph,Martin,1956-08-25,509.48,195.0,Texas,11352,Butler Group,Retail,joseph.martin@Butler.com
1713,2019-09-30,1048,Tyler,Kelley,1982-09-23,498.23,194.0,New Yoke,94491,"Stewart, Hawkins and Nichols",Retail,tyler.kelley@Stewart.com
251,2020-11-30,1007,Christopher,Nguyen,1967-06-18,496.55,198.0,Pennsylvania,12653,Gould-Foster,Retail,christopher.nguyen@Gould.io
438,2018-06-30,1013,Fred,Green,1963-01-19,510.34,192.0,California,12122,Roberts-Blankenship,Oil and Gas,fred.green@Roberts.net
77,2018-05-31,1003,Brenda,Young,1961-08-14,496.94,181.0,California,11950,Watkins and Sons,Retail,brenda.young@Watkins.net
895,2020-07-31,1025,Kristin,Bennett,1971-01-29,484.47,199.0,Pennsylvania,13089,Mack-Bridges,IT,kristin.bennett@Mack.io
721,2018-01-31,1021,Joseph,Martin,1956-08-25,479.23,202.0,Texas,11352,Butler Group,Retail,joseph.martin@Butler.com
518,2019-02-28,1015,Jacqueline,Sanford,1959-08-25,505.57,195.0,New Yoke,11712,Smith Ltd,Retail,jacqueline.sanford@Smith.net
1422,2019-06-30,1040,Sara,Ellis,1976-08-19,494.73,188.0,Florida,93757,Riley-Warren,Retail,sara.ellis@Riley.net
1337,2018-05-31,1038,Ricky,Fowler,1988-12-10,507.57,194.0,Texas,95239,"Fisher, Webster and Garcia",Education,ricky.fowler@Fisher.edu
687,2018-03-31,1020,John,Bullock,1994-08-12,504.5,192.0,Florida,11239,"Parks, Miranda and Conway",IT,john.bullock@Parks.io
779,2019-11-30,1022,Karen,Mullen,1954-12-23,505.43,206.0,Pennsylvania,11150,Sanchez PLC,Oil and Gas,karen.mullen@Sanchez.com
441,2018-09-30,1013,Fred,Green,1963-01-19,504.51,204.0,California,12122,Roberts-Blankenship,Oil and Gas,fred.green@Roberts.net
420,2019-12-31,1012,David,Wells,1977-09-20,479.06,198.0,Florida,13888,Adams-Rice,IT,david.wells@Adams.net
1262,2018-02-28,1036,Rachel,Murphy,1967-10-17,499.39,192.0,California,12693,Brown-Smith,Education,rachel.murphy@Brown.edu
504,2020-12-31,1014,Isaiah,Rodriguez,1952-09-11,497.08,201.0,Florida,10876,Gilbert Ltd,Retail,isaiah.rodriguez@Gilbert.com
1389,2019-09-30,1039,Samantha,Clark,1959-09-15,494.18,202.0,Texas,91720,Green Inc,Retail,samantha.clark@Green.net
1758,2020-06-30,1049,Tyler,Jones,1949-12-23,512.33,193.0,California,90548,Cooper Inc,Education,tyler.jones@Cooper.edu
1712,2019-08-31,1048,Tyler,Kelley,1982-09-23,515.54,205.0,New Yoke,94491,"Stewart, Hawkins and Nichols",Retail,tyler.kelley@Stewart.com
1370,2018-02-28,1039,Samantha,Clark,1959-09-15,513.32,197.0,Texas,91720,Green Inc,Retail,samantha.clark@Green.net
201,2019-09-30,1006,Chad,Leon,1984-06-22,495.99,192.0,California,14701,"Short, Washington and Green",Education,chad.leon@Short.edu
350,2020-02-29,1010,David,Duncan,1984-04-23,488.24,204.0,Texas,14681,"Johnson, Olson and Smith",Education,david.duncan@Johnson.edu
1131,2019-03-31,1032,Michael,Jones,1950-09-11,482.12,202.0,Florida,10635,House and Sons,Oil and Gas,michael.jones@House.com
1031,2019-11-30,1029,Melissa,Kelley,1982-09-22,503.88,202.0,Florida,14491,"Jones, George and Obrien",Retail,melissa.kelley@Jones.net
637,2020-01-31,1018,Jessica,White,1957-10-05,494.07,197.0,California,11485,Martinez Group,IT,jessica.white@Martinez.net
1399,2020-07-31,1039,Samantha,Clark,1959-09-15,506.52,205.0,Texas,91720,Green Inc,Retail,samantha.clark@Green.net
1251,2020-03-31,1035,Natalie,Dunn,1982-10-06,489.76,202.0,Texas,14495,"Rogers, Anderson and Peterson",Retail,natalie.dunn@Rogers.io
319,2020-07-31,1009,Darrell,Ford,1976-12-07,492.74,202.0,Pennsylvania,13793,Austin-Adams,Education,darrell.ford@Austin.edu
1589,2018-05-31,1045,Tiffany,Nelson,1963-12-05,511.57,195.0,Florida,92228,Butler-Scott,Education,tiffany.nelson@Butler.edu
814,2019-10-31,1023,Kenneth,Buckley,1965-02-25,494.37,214.0,Florida,12375,Stafford-Miller,Oil and Gas,kenneth.buckley@Stafford.com
583,2018-07-31,1017,Jesse,Boyd,1980-12-11,488.87,201.0,,14277,"Perry, Turner and Diaz",Education,jesse.boyd@Perry.edu
356,2020-08-31,1010,David,Duncan,1984-04-23,494.63,193.0,Texas,14681,"Johnson, Olson and Smith",Education,david.duncan@Johnson.edu
1114,2020-10-31,1031,Melissa,Smith,1946-04-06,497.94,188.0,California,10101,Harrison Group,Education,melissa.smith@Harrison.edu
988,2019-04-30,1028,Mary,Rodriguez,1953-02-10,509.33,200.0,Texas,10926,Newton PLC,Education,mary.rodriguez@Newton.edu
495,2020-03-31,1014,Isaiah,Rodriguez,1952-09-11,484.21,202.0,Florida,10876,Gilbert Ltd,Retail,isaiah.rodriguez@Gilbert.com
725,2018-05-31,1021,Joseph,Martin,1956-08-25,487.3,198.0,Texas,11352,Butler Group,Retail,joseph.martin@Butler.com
181,2018-01-31,1006,Chad,Leon,1984-06-22,487.27,209.0,California,14701,"Short, Washington and Green",Education,chad.leon@Short.edu
245,2020-05-31,1007,Christopher,Nguyen,1967-06-18,491.39,199.0,Pennsylvania,12653,Gould-Foster,Retail,christopher.nguyen@Gould.io
1531,2019-07-31,1043,Taylor,Johnson,1948-01-19,511.89,199.0,Pennsylvania,90316,Mitchell and Sons,IT,taylor.johnson@Mitchell.com
275,2019-11-30,1008,Christopher,Perez,1960-11-07,491.23,196.0,Florida,11858,Wood Group,Oil and Gas,christopher.perez@Wood.io
1481,2018-05-31,1042,Tammy,Fowler,1988-12-09,503.0,197.0,Florida,95239,"Rodriguez, Figueroa and Sanchez",Financial,tammy.fowler@Rodriguez.net
578,2018-02-28,1017,Jesse,Boyd,1980-12-11,498.52,201.0,,14277,"Perry, Turner and Diaz",Education,jesse.boyd@Perry.edu
393,2020-09-30,1011,David,Chavez,1976-03-17,495.25,207.0,Texas,13706,Glenn-Vincent,Retail,david.chavez@Glenn.io
1756,2020-04-30,1049,Tyler,Jones,1949-12-23,489.44,204.0,California,90548,Cooper Inc,Education,tyler.jones@Cooper.edu
221,2018-05-31,1007,Christopher,Nguyen,1967-06-18,516.17,198.0,Pennsylvania,12653,Gould-Foster,Retail,christopher.nguyen@Gould.io
235,2019-07-31,1007,Christopher,Nguyen,1967-06-18,498.8,193.0,Pennsylvania,12653,Gould-Foster,Retail,christopher.nguyen@Gould.io
35,2020-11-30,1001,Alexandra,Taylor,1954-07-27,493.29,203.0,Florida,32554,Carroll Inc,Financial,alexandra.taylor@Carroll.net
86,2019-02-28,1003,Brenda,Young,1961-08-14,501.19,190.0,California,11950,Watkins and Sons,Retail,brenda.young@Watkins.net
748,2020-04-30,1021,Joseph,Martin,1956-08-25,500.04,198.0,Texas,11352,Butler Group,Retail,joseph.martin@Butler.com
157,2019-01-31,1005,Brittany,Dean,1987-10-25,498.64,208.0,Florida,12093,"Scott, Howard and Vaughn",IT,brittany.dean@Scott.io
1133,2019-05-31,1032,Michael,Jones,1950-09-11,522.35,196.0,Florida,10635,House and Sons,Oil and Gas,michael.jones@House.com
1291,2020-07-31,1036,Rachel,Murphy,1967-10-17,506.68,201.0,California,12693,Brown-Smith,Education,rachel.murphy@Brown.edu
1255,2020-07-31,1035,Natalie,Dunn,1982-10-06,490.02,195.0,Texas,14495,"Rogers, Anderson and Peterson",Retail,natalie.dunn@Rogers.io
364,2018-04-30,1011,David,Chavez,1976-03-17,503.52,196.0,Texas,13706,Glenn-Vincent,Retail,david.chavez@Glenn.io
1070,2020-02-29,1030,Melissa,Ryan,1982-02-09,491.44,197.0,Pennsylvania,14417,"Morton, Carr and Howell",Oil and Gas,melissa.ryan@Morton.com
1100,2019-08-31,1031,Melissa,Smith,1946-04-06,503.46,199.0,California,10101,Harrison Group,Education,melissa.smith@Harrison.edu
381,2019-09-30,1011,David,Chavez,1976-03-17,508.53,206.0,Texas,13706,Glenn-Vincent,Retail,david.chavez@Glenn.io
1637,2019-05-31,1046,Tim,Beasley,1950-08-16,503.75,199.0,New Yoke,90626,Ross PLC,IT,tim.beasley@Ross.io
1198,2018-10-31,1034,Michele,Rice,1981-06-02,485.51,196.0,Texas,14334,"Kelly, Johnson and Perez",Oil and Gas,michele.rice@Kelly.net
511,2018-07-31,1015,Jacqueline,Sanford,1959-08-25,516.94,202.0,New Yoke,11712,Smith Ltd,Retail,jacqueline.sanford@Smith.net
68,2020-08-31,1002,Ashley,Blanchard,1949-04-10,515.2,190.0,New Yoke,10464,Davis LLC,Education,ashley.blanchard@Davis.edu
1605,2019-09-30,1045,Tiffany,Nelson,1963-12-05,491.53,200.0,Florida,92228,Butler-Scott,Education,tiffany.nelson@Butler.edu
1091,2018-11-30,1031,Melissa,Smith,1946-04-06,513.88,194.0,California,10101,Harrison Group,Education,melissa.smith@Harrison.edu
1012,2018-04-30,1029,Melissa,Kelley,1982-09-22,486.48,199.0,Florida,14491,"Jones, George and Obrien",Retail,melissa.kelley@Jones.net
1060,2019-04-30,1030,Melissa,Ryan,1982-02-09,501.91,196.0,Pennsylvania,14417,"Morton, Carr and Howell",Oil and Gas,melissa.ryan@Morton.com
1155,2018-03-31,1033,Michael,Hudson,1984-03-27,496.42,187.0,Pennsylvania,14673,"Jackson, Hall and Pittman",Oil and Gas,michael.hudson@Jackson.com
896,2020-08-31,1025,Kristin,Bennett,1971-01-29,505.78,200.0,Pennsylvania,13089,Mack-Bridges,IT,kristin.bennett@Mack.io
473,2018-05-31,1014,Isaiah,Rodriguez,1952-09-11,498.01,199.0,Florida,10876,Gilbert Ltd,Retail,isaiah.rodriguez@Gilbert.com
1270,2018-10-31,1036,Rachel,Murphy,1967-10-17,502.19,200.0,California,12693,Brown-Smith,Education,rachel.murphy@Brown.edu
394,2020-10-31,1011,David,Chavez,1976-03-17,504.78,216.0,Texas,13706,Glenn-Vincent,Retail,david.chavez@Glenn.io
1624,2018-04-30,1046,Tim,Beasley,1950-08-16,489.32,194.0,New Yoke,90626,Ross PLC,IT,tim.beasley@Ross.io
1638,2019-06-30,1046,Tim,Beasley,1950-08-16,499.78,188.0,New Yoke,90626,Ross PLC,IT,tim.beasley@Ross.io
1208,2019-08-31,1034,Michele,Rice,1981-06-02,494.51,202.0,Texas,14334,"Kelly, Johnson and Perez",Oil and Gas,michele.rice@Kelly.net
1596,2018-12-31,1045,Tiffany,Nelson,1963-12-05,481.88,198.0,Florida,92228,Butler-Scott,Education,tiffany.nelson@Butler.edu
348,2019-12-31,1010,David,Duncan,1984-04-23,498.26,215.0,Texas,14681,"Johnson, Olson and Smith",Education,david.duncan@Johnson.edu
75,2018-03-31,1003,Brenda,Young,1961-08-14,503.16,192.0,California,11950,Watkins and Sons,Retail,brenda.young@Watkins.net
330,2018-06-30,1010,David,Duncan,1984-04-23,511.55,210.0,Texas,14681,"Johnson, Olson and Smith",Education,david.duncan@Johnson.edu
1454,2019-02-28,1041,Sarah,James,1971-05-10,498.12,199.0,New Yoke,93122,Cook-Riddle,Oil and Gas,sarah.james@Cook.net
957,2019-09-30,1027,Mary,Wong,1989-07-22,510.08,204.0,Florida,13932,"Castillo, Ramirez and Mitchell",Oil and Gas,mary.wong@Castillo.net
1030,2019-10-31,1029,Melissa,Kelley,1982-09-22,494.75,197.0,Florida,14491,"Jones, George and Obrien",Retail,melissa.kelley@Jones.net
135,2020-03-31,1004,Brian,Young,1961-06-28,507.93,199.0,California,11934,Turner Ltd,Education,brian.young@Turner.edu
104,2020-08-31,1003,Brenda,Young,1961-08-14,505.94,203.0,California,11950,Watkins and Sons,Retail,brenda.young@Watkins.net
10,2018-10-31,1001,Alexandra,Taylor,1954-07-27,497.51,194.0,Florida,32554,Carroll Inc,Financial,alexandra.taylor@Carroll.net
1199,2018-11-30,1034,Michele,Rice,1981-06-02,507.79,209.0,Texas,14334,"Kelly, Johnson and Perez",Oil and Gas,michele.rice@Kelly.net
545,2018-05-31,1016,James,Ward,1970-01-10,477.73,200.0,Texas,12962,Harrison-Mitchell,Retail,james.ward@Harrison.net
11,2018-11-30,1001,Alexandra,Taylor,1954-07-27,514.62,204.0,Florida,32554,Carroll Inc,Financial,alexandra.taylor@Carroll.net
938,2018-02-28,1027,Mary,Wong,1989-07-22,509.5,192.0,Florida,13932,"Castillo, Ramirez and Mitchell",Oil and Gas,mary.wong@Castillo.net
641,2020-05-31,1018,Jessica,White,1957-10-05,509.85,201.0,California,11485,Martinez Group,IT,jessica.white@Martinez.net
768,2018-12-31,1022,Karen,Mullen,1954-12-23,502.37,186.0,Pennsylvania,11150,Sanchez PLC,Oil and Gas,karen.mullen@Sanchez.com
1272,2018-12-31,1036,Rachel,Murphy,1967-10-17,497.01,199.0,California,12693,Brown-Smith,Education,rachel.murphy@Brown.edu
1167,2019-03-31,1033,Michael,Hudson,1984-03-27,489.63,193.0,Pennsylvania,14673,"Jackson, Hall and Pittman",Oil and Gas,michael.hudson@Jackson.com
997,2020-01-31,1028,Mary,Rodriguez,1953-02-10,477.23,204.0,Texas,10926,Newton PLC,Education,mary.rodriguez@Newton.edu
285,2020-09-30,1008,Christopher,Perez,1960-11-07,500.61,200.0,Florida,11858,Wood Group,Oil and Gas,christopher.perez@Wood.io
1002,2020-06-30,1028,Mary,Rodriguez,1953-02-10,475.67,202.0,Texas,10926,Newton PLC,Education,mary.rodriguez@Newton.edu
618,2018-06-30,1018,Jessica,White,1957-10-05,489.46,205.0,California,11485,Martinez Group,IT,jessica.white@Martinez.net
371,2018-11-30,1011,David,Chavez,1976-03-17,500.22,204.0,Texas,13706,Glenn-Vincent,Retail,david.chavez@Glenn.io
924,2019-12-31,1026,Marcus,Burgess,1996-04-12,506.02,202.0,New Yoke,11661,"Knox, Keller and Reynolds",Financial,marcus.burgess@Knox.com
1316,2019-08-31,1037,Renee,Fleming,1991-11-02,505.82,202.0,Florida,10751,"Franklin, Mcconnell and Ortega",IT,renee.fleming@Franklin.com
1597,2019-01-31,1045,Tiffany,Nelson,1963-12-05,488.63,197.0,Florida,92228,Butler-Scott,Education,tiffany.nelson@Butler.edu
126,2019-06-30,1004,Brian,Young,1961-06-28,512.36,209.0,California,11934,Turner Ltd,Education,brian.young@Turner.edu
408,2018-12-31,1012,David,Wells,1977-09-20,491.7,195.0,Florida,13888,Adams-Rice,IT,david.wells@Adams.net
1293,2020-09-30,1036,Rachel,Murphy,1967-10-17,491.64,214.0,California,12693,Brown-Smith,Education,rachel.murphy@Brown.edu
1275,2019-03-31,1036,Rachel,Murphy,1967-10-17,488.88,199.0,California,12693,Brown-Smith,Education,rachel.murphy@Brown.edu
1794,2020-06-30,1050,Vincent,Jimenez,1979-04-14,509.33,199.0,New Yoke,94076,Foley-Diaz,Oil and Gas,vincent.jimenez@Foley.com
1507,2020-07-31,1042,Tammy,Fowler,1988-12-09,496.37,193.0,Florida,95239,"Rodriguez, Figueroa and Sanchez",Financial,tammy.fowler@Rodriguez.net
1548,2020-12-31,1043,Taylor,Johnson,1948-01-19,505.44,198.0,Pennsylvania,90316,Mitchell and Sons,IT,taylor.johnson@Mitchell.com
841,2019-01-31,1024,Kimberly,Joseph,1993-11-25,514.96,205.0,California,13137,"Reyes, Aguilar and Robinson",Education,kimberly.joseph@Reyes.edu
543,2018-03-31,1016,James,Ward,1970-01-10,484.34,191.0,Texas,12962,Harrison-Mitchell,Retail,james.ward@Harrison.net
140,2020-08-31,1004,Brian,Young,1961-06-28,500.47,201.0,California,11934,Turner Ltd,Education,brian.young@Turner.edu
926,2020-02-29,1026,Marcus,Burgess,1996-04-12,498.39,200.0,New Yoke,11661,"Knox, Keller and Reynolds",Financial,marcus.burgess@Knox.com
261,2018-09-30,1008,Christopher,Perez,1960-11-07,501.06,201.0,Florida,11858,Wood Group,Oil and Gas,christopher.perez@Wood.io
475,2018-07-31,1014,Isaiah,Rodriguez,1952-09-11,495.81,201.0,Florida,10876,Gilbert Ltd,Retail,isaiah.rodriguez@Gilbert.com
166,2019-10-31,1005,Brittany,Dean,1987-10-25,498.25,205.0,Florida,12093,"Scott, Howard and Vaughn",IT,brittany.dean@Scott.io
227,2018-11-30,1007,Christopher,Nguyen,1967-06-18,494.54,208.0,Pennsylvania,12653,Gould-Foster,Retail,christopher.nguyen@Gould.io
1414,2018-10-31,1040,Sara,Ellis,1976-08-19,509.49,196.0,Florida,93757,Riley-Warren,Retail,sara.ellis@Riley.net
694,2018-10-31,1020,John,Bullock,1994-08-12,501.34,198.0,Florida,11239,"Parks, Miranda and Conway",IT,john.bullock@Parks.io
192,2018-12-31,1006,Chad,Leon,1984-06-22,503.69,205.0,California,14701,"Short, Washington and Green",Education,chad.leon@Short.edu
307,2019-07-31,1009,Darrell,Ford,1976-12-07,500.13,194.0,Pennsylvania,13793,Austin-Adams,Education,darrell.ford@Austin.edu
1298,2018-02-28,1037,Renee,Fleming,1991-11-02,503.14,196.0,Florida,10751,"Franklin, Mcconnell and Ortega",IT,renee.fleming@Franklin.com
1375,2018-07-31,1039,Samantha,Clark,1959-09-15,516.39,195.0,Texas,91720,Green Inc,Retail,samantha.clark@Green.net
1572,2019-12-31,1044,Theresa,Ortiz,1973-03-24,501.36,188.0,Pennsylvania,93347,Meyer-Miles,Financial,theresa.ortiz@Meyer.net
484,2019-04-30,1014,Isaiah,Rodriguez,1952-09-11,506.75,211.0,Florida,10876,Gilbert Ltd,Retail,isaiah.rodriguez@Gilbert.com
1448,2018-08-31,1041,Sarah,James,1971-05-10,497.57,199.0,New Yoke,93122,Cook-Riddle,Oil and Gas,sarah.james@Cook.net
1148,2020-08-31,1032,Michael,Jones,1950-09-11,495.53,202.0,Florida,10635,House and Sons,Oil and Gas,michael.jones@House.com
1252,2020-04-30,1035,Natalie,Dunn,1982-10-06,505.68,196.0,Texas,14495,"Rogers, Anderson and Peterson",Retail,natalie.dunn@Rogers.io
1697,2018-05-31,1048,Tyler,Kelley,1982-09-23,485.99,202.0,New Yoke,94491,"Stewart, Hawkins and Nichols",Retail,tyler.kelley@Stewart.com
1117,2018-01-31,1032,Michael,Jones,1950-09-11,476.92,193.0,Florida,10635,House and Sons,Oil and Gas,michael.jones@House.com
1790,2020-02-29,1050,Vincent,Jimenez,1979-04-14,501.73,207.0,New Yoke,94076,Foley-Diaz,Oil and Gas,vincent.jimenez@Foley.com
321,2020-09-30,1009,Darrell,Ford,1976-12-07,498.64,197.0,Pennsylvania,13793,Austin-Adams,Education,darrell.ford@Austin.edu
1431,2020-03-31,1040,Sara,Ellis,1976-08-19,486.78,202.0,Florida,93757,Riley-Warren,Retail,sara.ellis@Riley.net
1544,2020-08-31,1043,Taylor,Johnson,1948-01-19,491.34,205.0,Pennsylvania,90316,Mitchell and Sons,IT,taylor.johnson@Mitchell.com
756,2020-12-31,1021,Joseph,Martin,1956-08-25,493.21,197.0,Texas,11352,Butler Group,Retail,joseph.martin@Butler.com
18,2019-06-30,1001,Alexandra,Taylor,1954-07-27,491.22,208.0,Florida,32554,Carroll Inc,Financial,alexandra.taylor@Carroll.net
893,2020-05-31,1025,Kristin,Bennett,1971-01-29,469.46,193.0,Pennsylvania,13089,Mack-Bridges,IT,kristin.bennett@Mack.io
432,2020-12-31,1012,David,Wells,1977-09-20,511.16,200.0,Florida,13888,Adams-Rice,IT,david.wells@Adams.net
1757,2020-05-31,1049,Tyler,Jones,1949-12-23,491.92,207.0,California,90548,Cooper Inc,Education,tyler.jones@Cooper.edu
1517,2018-05-31,1043,Taylor,Johnson,1948-01-19,479.67,208.0,Pennsylvania,90316,Mitchell and Sons,IT,taylor.johnson@Mitchell.com
1585,2018-01-31,1045,Tiffany,Nelson,1963-12-05,493.79,183.0,Florida,92228,Butler-Scott,Education,tiffany.nelson@Butler.edu
1168,2019-04-30,1033,Michael,Hudson,1984-03-27,490.75,200.0,Pennsylvania,14673,"Jackson, Hall and Pittman",Oil and Gas,michael.hudson@Jackson.com
1258,2020-10-31,1035,Natalie,Dunn,1982-10-06,516.71,205.0,Texas,14495,"Rogers, Anderson and Peterson",Retail,natalie.dunn@Rogers.io
208,2020-04-30,1006,Chad,Leon,1984-06-22,491.09,205.0,California,14701,"Short, Washington and Green",Education,chad.leon@Short.edu
238,2019-10-31,1007,Christopher,Nguyen,1967-06-18,493.34,213.0,Pennsylvania,12653,Gould-Foster,Retail,christopher.nguyen@Gould.io
1145,2020-05-31,1032,Michael,Jones,1950-09-11,487.76,198.0,Florida,10635,House and Sons,Oil and Gas,michael.jones@House.com
787,2020-07-31,1022,Karen,Mullen,1954-12-23,491.94,212.0,Pennsylvania,11150,Sanchez PLC,Oil and Gas,karen.mullen@Sanchez.com
1046,2018-02-28,1030,Melissa,Ryan,1982-02-09,484.53,193.0,Pennsylvania,14417,"Morton, Carr and Howell",Oil and Gas,melissa.ryan@Morton.com
1150,2020-10-31,1032,Michael,Jones,1950-09-11,498.89,200.0,Florida,10635,House and Sons,Oil and Gas,michael.jones@House.com
346,2019-10-31,1010,David,Duncan,1984-04-23,500.09,203.0,Texas,14681,"Johnson, Olson and Smith",Education,david.duncan@Johnson.edu
1187,2020-11-30,1033,Michael,Hudson,1984-03-27,505.14,195.0,Pennsylvania,14673,"Jackson, Hall and Pittman",Oil and Gas,michael.hudson@Jackson.com
1228,2018-04-30,1035,Natalie,Dunn,1982-10-06,509.38,209.0,Texas,14495,"Rogers, Anderson and Peterson",Retail,natalie.dunn@Rogers.io
1047,2018-03-31,1030,Melissa,Ryan,1982-02-09,505.87,202.0,Pennsylvania,14417,"Morton, Carr and Howell",Oil and Gas,melissa.ryan@Morton.com
1220,2020-08-31,1034,Michele,Rice,1981-06-02,501.23,208.0,Texas,14334,"Kelly, Johnson and Perez",Oil and Gas,michele.rice@Kelly.net
341,2019-05-31,1010,David,Duncan,1984-04-23,495.88,197.0,Texas,14681,"Johnson, Olson and Smith",Education,david.duncan@Johnson.edu
908,2018-08-31,1026,Marcus,Burgess,1996-04-12,493.94,200.0,New Yoke,11661,"Knox, Keller and Reynolds",Financial,marcus.burgess@Knox.com
459,2020-03-31,1013,Fred,Green,1963-01-19,493.75,199.0,California,12122,Roberts-Blankenship,Oil and Gas,fred.green@Roberts.net
176,2020-08-31,1005,Brittany,Dean,1987-10-25,497.74,194.0,Florida,12093,"Scott, Howard and Vaughn",IT,brittany.dean@Scott.io
551,2018-11-30,1016,James,Ward,1970-01-10,498.22,201.0,Texas,12962,Harrison-Mitchell,Retail,james.ward@Harrison.net
1520,2018-08-31,1043,Taylor,Johnson,1948-01-19,502.7,194.0,Pennsylvania,90316,Mitchell and Sons,IT,taylor.johnson@Mitchell.com
301,2019-01-31,1009,Darrell,Ford,1976-12-07,520.66,206.0,Pennsylvania,13793,Austin-Adams,Education,darrell.ford@Austin.edu
1059,2019-03-31,1030,Melissa,Ryan,1982-02-09,504.11,204.0,Pennsylvania,14417,"Morton, Carr and Howell",Oil and Gas,melissa.ryan@Morton.com
461,2020-05-31,1013,Fred,Green,1963-01-19,496.56,195.0,California,12122,Roberts-Blankenship,Oil and Gas,fred.green@Roberts.net
161,2019-05-31,1005,Brittany,Dean,1987-10-25,494.83,191.0,Florida,12093,"Scott, Howard and Vaughn",IT,brittany.dean@Scott.io
920,2019-08-31,1026,Marcus,Burgess,1996-04-12,488.28,208.0,New Yoke,11661,"Knox, Keller and Reynolds",Financial,marcus.burgess@Knox.com
1545,2020-09-30,1043,Taylor,Johnson,1948-01-19,494.99,190.0,Pennsylvania,90316,Mitchell and Sons,IT,taylor.johnson@Mitchell.com
1029,2019-09-30,1029,Melissa,Kelley,1982-09-22,493.66,196.0,Florida,14491,"Jones, George and Obrien",Retail,melissa.kelley@Jones.net
476,2018-08-31,1014,Isaiah,Rodriguez,1952-09-11,495.21,205.0,Florida,10876,Gilbert Ltd,Retail,isaiah.rodriguez@Gilbert.com
915,2019-03-31,1026,Marcus,Burgess,1996-04-12,507.55,191.0,New Yoke,11661,"Knox, Keller and Reynolds",Financial,marcus.burgess@Knox.com
1232,2018-08-31,1035,Natalie,Dunn,1982-10-06,511.53,207.0,Texas,14495,"Rogers, Anderson and Peterson",Retail,natalie.dunn@Rogers.io
993,2019-09-30,1028,Mary,Rodriguez,1953-02-10,503.86,195.0,Texas,10926,Newton PLC,Education,mary.rodriguez@Newton.edu
465,2020-09-30,1013,Fred,Green,1963-01-19,499.31,213.0,California,12122,Roberts-Blankenship,Oil and Gas,fred.green@Roberts.net
1452,2018-12-31,1041,Sarah,James,1971-05-10,501.38,192.0,New Yoke,93122,Cook-Riddle,Oil and Gas,sarah.james@Cook.net
843,2019-03-31,1024,Kimberly,Joseph,1993-11-25,505.99,203.0,California,13137,"Reyes, Aguilar and Robinson",Education,kimberly.joseph@Reyes.edu
1183,2020-07-31,1033,Michael,Hudson,1984-03-27,499.91,188.0,Pennsylvania,14673,"Jackson, Hall and Pittman",Oil and Gas,michael.hudson@Jackson.com
327,2018-03-31,1010,David,Duncan,1984-04-23,492.94,210.0,Texas,14681,"Johnson, Olson and Smith",Education,david.duncan@Johnson.edu
1007,2020-11-30,1028,Mary,Rodriguez,1953-02-10,491.35,199.0,Texas,10926,Newton PLC,Education,mary.rodriguez@Newton.edu
1088,2018-08-31,1031,Melissa,Smith,1946-04-06,500.07,186.0,California,10101,Harrison Group,Education,melissa.smith@Harrison.edu
1039,2020-07-31,1029,Melissa,Kelley,1982-09-22,497.97,199.0,Florida,14491,"Jones, George and Obrien",Retail,melissa.kelley@Jones.net
1733,2018-05-31,1049,Tyler,Jones,1949-12-23,515.7,205.0,California,90548,Cooper Inc,Education,tyler.jones@Cooper.edu
1658,2018-02-28,1047,Tonya,Bell,1969-05-15,506.15,203.0,New Yoke,92883,Brown-Spencer,IT,tonya.bell@Brown.com
894,2020-06-30,1025,Kristin,Bennett,1971-01-29,504.8,209.0,Pennsylvania,13089,Mack-Bridges,IT,kristin.bennett@Mack.io
60,2019-12-31,1002,Ashley,Blanchard,1949-04-10,508.85,187.0,New Yoke,10464,Davis LLC,Education,ashley.blanchard@Davis.edu
14,2019-02-28,1001,Alexandra,Taylor,1954-07-27,496.16,192.0,Florida,32554,Carroll Inc,Financial,alexandra.taylor@Carroll.net
1791,2020-03-31,1050,Vincent,Jimenez,1979-04-14,509.3,198.0,New Yoke,94076,Foley-Diaz,Oil and Gas,vincent.jimenez@Foley.com
950,2019-02-28,1027,Mary,Wong,1989-07-22,488.66,191.0,Florida,13932,"Castillo, Ramirez and Mitchell",Oil and Gas,mary.wong@Castillo.net
388,2020-04-30,1011,David,Chavez,1976-03-17,498.25,198.0,Texas,13706,Glenn-Vincent,Retail,david.chavez@Glenn.io
525,2019-09-30,1015,Jacqueline,Sanford,1959-08-25,509.67,213.0,New Yoke,11712,Smith Ltd,Retail,jacqueline.sanford@Smith.net
1089,2018-09-30,1031,Melissa,Smith,1946-04-06,502.76,195.0,California,10101,Harrison Group,Education,melissa.smith@Harrison.edu
27,2020-03-31,1001,Alexandra,Taylor,1954-07-27,498.77,196.0,Florida,32554,Carroll Inc,Financial,alexandra.taylor@Carroll.net
1236,2018-12-31,1035,Natalie,Dunn,1982-10-06,500.23,184.0,Texas,14495,"Rogers, Anderson and Peterson",Retail,natalie.dunn@Rogers.io
605,2020-05-31,1017,Jesse,Boyd,1980-12-11,485.39,189.0,,14277,"Perry, Turner and Diaz",Education,jesse.boyd@Perry.edu
1331,2020-11-30,1037,Renee,Fleming,1991-11-02,503.07,197.0,Florida,10751,"Franklin, Mcconnell and Ortega",IT,renee.fleming@Franklin.com
323,2020-11-30,1009,Darrell,Ford,1976-12-07,502.83,201.0,Pennsylvania,13793,Austin-Adams,Education,darrell.ford@Austin.edu
1080,2020-12-31,1030,Melissa,Ryan,1982-02-09,508.61,211.0,Pennsylvania,14417,"Morton, Carr and Howell",Oil and Gas,melissa.ryan@Morton.com
1723,2020-07-31,1048,Tyler,Kelley,1982-09-23,506.34,196.0,New Yoke,94491,"Stewart, Hawkins and Nichols",Retail,tyler.kelley@Stewart.com
1653,2020-09-30,1046,Tim,Beasley,1950-08-16,486.1,199.0,New Yoke,90626,Ross PLC,IT,tim.beasley@Ross.io
868,2018-04-30,1025,Kristin,Bennett,1971-01-29,497.4,200.0,Pennsylvania,13089,Mack-Bridges,IT,kristin.bennett@Mack.io
1423,2019-07-31,1040,Sara,Ellis,1976-08-19,507.75,192.0,Florida,93757,Riley-Warren,Retail,sara.ellis@Riley.net
1028,2019-08-31,1029,Melissa,Kelley,1982-09-22,520.3,205.0,Florida,14491,"Jones, George and Obrien",Retail,melissa.kelley@Jones.net
443,2018-11-30,1013,Fred,Green,1963-01-19,488.4,193.0,California,12122,Roberts-Blankenship,Oil and Gas,fred.green@Roberts.net
1743,2019-03-31,1049,Tyler,Jones,1949-12-23,496.28,206.0,California,90548,Cooper Inc,Education,tyler.jones@Cooper.edu
296,2018-08-31,1009,Darrell,Ford,1976-12-07,497.03,202.0,Pennsylvania,13793,Austin-Adams,Education,darrell.ford@Austin.edu
556,2019-04-30,1016,James,Ward,1970-01-10,510.33,212.0,Texas,12962,Harrison-Mitchell,Retail,james.ward@Harrison.net
257,2018-05-31,1008,Christopher,Perez,1960-11-07,520.51,203.0,Florida,11858,Wood Group,Oil and Gas,christopher.perez@Wood.io
562,2019-10-31,1016,James,Ward,1970-01-10,498.6,203.0,Texas,12962,Harrison-Mitchell,Retail,james.ward@Harrison.net
832,2018-04-30,1024,Kimberly,Joseph,1993-11-25,505.72,207.0,California,13137,"Reyes, Aguilar and Robinson",Education,kimberly.joseph@Reyes.edu
1006,2020-10-31,1028,Mary,Rodriguez,1953-02-10,491.29,204.0,Texas,10926,Newton PLC,Education,mary.rodriguez@Newton.edu
1465,2020-01-31,1041,Sarah,James,1971-05-10,506.45,197.0,New Yoke,93122,Cook-Riddle,Oil and Gas,sarah.james@Cook.net
882,2019-06-30,1025,Kristin,Bennett,1971-01-29,510.51,192.0,Pennsylvania,13089,Mack-Bridges,IT,kristin.bennett@Mack.io
1015,2018-07-31,1029,Melissa,Kelley,1982-09-22,515.67,199.0,Florida,14491,"Jones, George and Obrien",Retail,melissa.kelley@Jones.net
308,2019-08-31,1009,Darrell,Ford,1976-12-07,493.05,203.0,Pennsylvania,13793,Austin-Adams,Education,darrell.ford@Austin.edu
73,2018-01-31,1003,Brenda,Young,1961-08-14,501.6,197.0,California,11950,Watkins and Sons,Retail,brenda.young@Watkins.net
258,2018-06-30,1008,Christopher,Perez,1960-11-07,505.86,199.0,Florida,11858,Wood Group,Oil and Gas,christopher.perez@Wood.io
1212,2019-12-31,1034,Michele,Rice,1981-06-02,493.13,197.0,Texas,14334,"Kelly, Johnson and Perez",Oil and Gas,michele.rice@Kelly.net
3,2018-03-31,1001,Alexandra,Taylor,1954-07-27,494.72,185.0,Florida,32554,Carroll Inc,Financial,alexandra.taylor@Carroll.net
1635,2019-03-31,1046,Tim,Beasley,1950-08-16,492.52,199.0,New Yoke,90626,Ross PLC,IT,tim.beasley@Ross.io
1396,2020-04-30,1039,Samantha,Clark,1959-09-15,489.02,210.0,Texas,91720,Green Inc,Retail,samantha.clark@Green.net
1770,2018-06-30,1050,Vincent,Jimenez,1979-04-14,495.83,200.0,New Yoke,94076,Foley-Diaz,Oil and Gas,vincent.jimenez@Foley.com
682,2020-10-31,1019,Joel,Byrd,1991-07-04,490.04,194.0,California,10355,"Williams, Woodard and Martinez",IT,joel.byrd@Williams.io
974,2018-02-28,1028,Mary,Rodriguez,1953-02-10,477.02,205.0,Texas,10926,Newton PLC,Education,mary.rodriguez@Newton.edu
368,2018-08-31,1011,David,Chavez,1976-03-17,472.17,210.0,Texas,13706,Glenn-Vincent,Retail,david.chavez@Glenn.io
1549,2018-01-31,1044,Theresa,Ortiz,1973-03-24,500.79,205.0,Pennsylvania,93347,Meyer-Miles,Financial,theresa.ortiz@Meyer.net
696,2018-12-31,1020,John,Bullock,1994-08-12,498.68,201.0,Florida,11239,"Parks, Miranda and Conway",IT,john.bullock@Parks.io
931,2020-07-31,1026,Marcus,Burgess,1996-04-12,516.32,198.0,New Yoke,11661,"Knox, Keller and Reynolds",Financial,marcus.burgess@Knox.com
1355,2019-11-30,1038,Ricky,Fowler,1988-12-10,486.89,210.0,Texas,95239,"Fisher, Webster and Garcia",Education,ricky.fowler@Fisher.edu
1140,2019-12-31,1032,Michael,Jones,1950-09-11,508.63,201.0,Florida,10635,House and Sons,Oil and Gas,michael.jones@House.com
481,2019-01-31,1014,Isaiah,Rodriguez,1952-09-11,505.15,205.0,Florida,10876,Gilbert Ltd,Retail,isaiah.rodriguez@Gilbert.com
559,2019-07-31,1016,James,Ward,1970-01-10,491.3,202.0,Texas,12962,Harrison-Mitchell,Retail,james.ward@Harrison.net
972,2020-12-31,1027,Mary,Wong,1989-07-22,499.8,199.0,Florida,13932,"Castillo, Ramirez and Mitchell",Oil and Gas,mary.wong@Castillo.net
1317,2019-09-30,1037,Renee,Fleming,1991-11-02,508.3,211.0,Florida,10751,"Franklin, Mcconnell and Ortega",IT,renee.fleming@Franklin.com
911,2018-11-30,1026,Marcus,Burgess,1996-04-12,511.61,198.0,New Yoke,11661,"Knox, Keller and Reynolds",Financial,marcus.burgess@Knox.com
1127,2018-11-30,1032,Michael,Jones,1950-09-11,498.79,203.0,Florida,10635,House and Sons,Oil and Gas,michael.jones@House.com
587,2018-11-30,1017,Jesse,Boyd,1980-12-11,517.46,204.0,,14277,"Perry, Turner and Diaz",Education,jesse.boyd@Perry.edu
118,2018-10-31,1004,Brian,Young,1961-06-28,483.84,193.0,California,11934,Turner Ltd,Education,brian.young@Turner.edu
1222,2020-10-31,1034,Michele,Rice,1981-06-02,508.86,201.0,Texas,14334,"Kelly, Johnson and Perez",Oil and Gas,michele.rice@Kelly.net
1401,2020-09-30,1039,Samantha,Clark,1959-09-15,501.89,196.0,Texas,91720,Green Inc,Retail,samantha.clark@Green.net
1201,2019-01-31,1034,Michele,Rice,1981-06-02,494.61,195.0,Texas,14334,"Kelly, Johnson and Perez",Oil and Gas,michele.rice@Kelly.net
684,2020-12-31,1019,Joel,Byrd,1991-07-04,525.06,203.0,California,10355,"Williams, Woodard and Martinez",IT,joel.byrd@Williams.io
1496,2019-08-31,1042,Tammy,Fowler,1988-12-09,501.97,184.0,Florida,95239,"Rodriguez, Figueroa and Sanchez",Financial,tammy.fowler@Rodriguez.net
6,2018-06-30,1001,Alexandra,Taylor,1954-07-27,476.98,194.0,Florida,32554,Carroll Inc,Financial,alexandra.taylor@Carroll.net
1795,2020-07-31,1050,Vincent,Jimenez,1979-04-14,497.84,192.0,New Yoke,94076,Foley-Diaz,Oil and Gas,vincent.jimenez@Foley.com
468,2020-12-31,1013,Fred,Green,1963-01-19,517.65,192.0,California,12122,Roberts-Blankenship,Oil and Gas,fred.green@Roberts.net
1384,2019-04-30,1039,Samantha,Clark,1959-09-15,504.07,216.0,Texas,91720,Green Inc,Retail,samantha.clark@Green.net
1519,2018-07-31,1043,Taylor,Johnson,1948-01-19,481.96,201.0,Pennsylvania,90316,Mitchell and Sons,IT,taylor.johnson@Mitchell.com
1373,2018-05-31,1039,Samantha,Clark,1959-09-15,507.21,197.0,Texas,91720,Green Inc,Retail,samantha.clark@Green.net
844,2019-04-30,1024,Kimberly,Joseph,1993-11-25,485.3,195.0,California,13137,"Reyes, Aguilar and Robinson",Education,kimberly.joseph@Reyes.edu
447,2019-03-31,1013,Fred,Green,1963-01-19,491.49,198.0,California,12122,Roberts-Blankenship,Oil and Gas,fred.green@Roberts.net
137,2020-05-31,1004,Brian,Young,1961-06-28,505.21,190.0,California,11934,Turner Ltd,Education,brian.young@Turner.edu
12,2018-12-31,1001,Alexandra,Taylor,1954-07-27,479.4,216.0,Florida,32554,Carroll Inc,Financial,alexandra.taylor@Carroll.net
1732,2018-04-30,1049,Tyler,Jones,1949-12-23,510.41,204.0,California,90548,Cooper Inc,Education,tyler.jones@Cooper.edu
1271,2018-11-30,1036,Rachel,Murphy,1967-10-17,487.99,198.0,California,12693,Brown-Smith,Education,rachel.murphy@Brown.edu
333,2018-09-30,1010,David,Duncan,1984-04-23,490.03,205.0,Texas,14681,"Johnson, Olson and Smith",Education,david.duncan@Johnson.edu
879,2019-03-31,1025,Kristin,Bennett,1971-01-29,501.65,202.0,Pennsylvania,13089,Mack-Bridges,IT,kristin.bennett@Mack.io
953,2019-05-31,1027,Mary,Wong,1989-07-22,504.35,197.0,Florida,13932,"Castillo, Ramirez and Mitchell",Oil and Gas,mary.wong@Castillo.net
778,2019-10-31,1022,Karen,Mullen,1954-12-23,490.66,202.0,Pennsylvania,11150,Sanchez PLC,Oil and Gas,karen.mullen@Sanchez.com
606,2020-06-30,1017,Jesse,Boyd,1980-12-11,494.84,182.0,,14277,"Perry, Turner and Diaz",Education,jesse.boyd@Perry.edu
570,2020-06-30,1016,James,Ward,1970-01-10,500.82,199.0,Texas,12962,Harrison-Mitchell,Retail,james.ward@Harrison.net
1564,2019-04-30,1044,Theresa,Ortiz,1973-03-24,495.79,195.0,Pennsylvania,93347,Meyer-Miles,Financial,theresa.ortiz@Meyer.net
1312,2019-04-30,1037,Renee,Fleming,1991-11-02,514.62,202.0,Florida,10751,"Franklin, Mcconnell and Ortega",IT,renee.fleming@Franklin.com
1244,2019-08-31,1035,Natalie,Dunn,1982-10-06,492.54,204.0,Texas,14495,"Rogers, Anderson and Peterson",Retail,natalie.dunn@Rogers.io
1728,2020-12-31,1048,Tyler,Kelley,1982-09-23,507.38,184.0,New Yoke,94491,"Stewart, Hawkins and Nichols",Retail,tyler.kelley@Stewart.com
55,2019-07-31,1002,Ashley,Blanchard,1949-04-10,497.91,203.0,New Yoke,10464,Davis LLC,Education,ashley.blanchard@Davis.edu
1132,2019-04-30,1032,Michael,Jones,1950-09-11,498.14,204.0,Florida,10635,House and Sons,Oil and Gas,michael.jones@House.com
234,2019-06-30,1007,Christopher,Nguyen,1967-06-18,517.92,195.0,Pennsylvania,12653,Gould-Foster,Retail,christopher.nguyen@Gould.io
1588,2018-04-30,1045,Tiffany,Nelson,1963-12-05,492.37,205.0,Florida,92228,Butler-Scott,Education,tiffany.nelson@Butler.edu
85,2019-01-31,1003,Brenda,Young,1961-08-14,501.98,197.0,California,11950,Watkins and Sons,Retail,brenda.young@Watkins.net
643,2020-07-31,1018,Jessica,White,1957-10-05,489.03,196.0,California,11485,Martinez Group,IT,jessica.white@Martinez.net
416,2019-08-31,1012,David,Wells,1977-09-20,482.22,198.0,Florida,13888,Adams-Rice,IT,david.wells@Adams.net
1017,2018-09-30,1029,Melissa,Kelley,1982-09-22,505.59,202.0,Florida,14491,"Jones, George and Obrien",Retail,melissa.kelley@Jones.net
65,2020-05-31,1002,Ashley,Blanchard,1949-04-10,504.89,186.0,New Yoke,10464,Davis LLC,Education,ashley.blanchard@Davis.edu
1463,2019-11-30,1041,Sarah,James,1971-05-10,491.58,198.0,New Yoke,93122,Cook-Riddle,Oil and Gas,sarah.james@Cook.net
1055,2018-11-30,1030,Melissa,Ryan,1982-02-09,508.52,210.0,Pennsylvania,14417,"Morton, Carr and Howell",Oil and Gas,melissa.ryan@Morton.com
188,2018-08-31,1006,Chad,Leon,1984-06-22,502.41,198.0,California,14701,"Short, Washington and Green",Education,chad.leon@Short.edu
757,2018-01-31,1022,Karen,Mullen,1954-12-23,490.49,203.0,Pennsylvania,11150,Sanchez PLC,Oil and Gas,karen.mullen@Sanchez.com
1235,2018-11-30,1035,Natalie,Dunn,1982-10-06,513.13,202.0,Texas,14495,"Rogers, Anderson and Peterson",Retail,natalie.dunn@Rogers.io
152,2018-08-31,1005,Brittany,Dean,1987-10-25,475.65,200.0,Florida,12093,"Scott, Howard and Vaughn",IT,brittany.dean@Scott.io
833,2018-05-31,1024,Kimberly,Joseph,1993-11-25,499.63,199.0,California,13137,"Reyes, Aguilar and Robinson",Education,kimberly.joseph@Reyes.edu
1381,2019-01-31,1039,Samantha,Clark,1959-09-15,503.04,208.0,Texas,91720,Green Inc,Retail,samantha.clark@Green.net
1158,2018-06-30,1033,Michael,Hudson,1984-03-27,500.99,195.0,Pennsylvania,14673,"Jackson, Hall and Pittman",Oil and Gas,michael.hudson@Jackson.com
389,2020-05-31,1011,David,Chavez,1976-03-17,490.66,192.0,Texas,13706,Glenn-Vincent,Retail,david.chavez@Glenn.io
138,2020-06-30,1004,Brian,Young,1961-06-28,488.56,206.0,California,11934,Turner Ltd,Education,brian.young@Turner.edu
733,2019-01-31,1021,Joseph,Martin,1956-08-25,533.21,203.0,Texas,11352,Butler Group,Retail,joseph.martin@Butler.com
173,2020-05-31,1005,Brittany,Dean,1987-10-25,525.28,203.0,Florida,12093,"Scott, Howard and Vaughn",IT,brittany.dean@Scott.io
1508,2020-08-31,1042,Tammy,Fowler,1988-12-09,485.68,205.0,Florida,95239,"Rodriguez, Figueroa and Sanchez",Financial,tammy.fowler@Rodriguez.net
532,2020-04-30,1015,Jacqueline,Sanford,1959-08-25,491.94,193.0,New Yoke,11712,Smith Ltd,Retail,jacqueline.sanford@Smith.net
1799,2020-11-30,1050,Vincent,Jimenez,1979-04-14,507.64,203.0,New Yoke,94076,Foley-Diaz,Oil and Gas,vincent.jimenez@Foley.com
767,2018-11-30,1022,Karen,Mullen,1954-12-23,504.97,197.0,Pennsylvania,11150,Sanchez PLC,Oil and Gas,karen.mullen@Sanchez.com
457,2020-01-31,1013,Fred,Green,1963-01-19,491.78,192.0,California,12122,Roberts-Blankenship,Oil and Gas,fred.green@Roberts.net
737,2019-05-31,1021,Joseph,Martin,1956-08-25,504.36,190.0,Texas,11352,Butler Group,Retail,joseph.martin@Butler.com
1180,2020-04-30,1033,Michael,Hudson,1984-03-27,502.16,204.0,Pennsylvania,14673,"Jackson, Hall and Pittman",Oil and Gas,michael.hudson@Jackson.com
1405,2018-01-31,1040,Sara,Ellis,1976-08-19,509.28,188.0,Florida,93757,Riley-Warren,Retail,sara.ellis@Riley.net
1736,2018-08-31,1049,Tyler,Jones,1949-12-23,508.04,202.0,California,90548,Cooper Inc,Education,tyler.jones@Cooper.edu
596,2019-08-31,1017,Jesse,Boyd,1980-12-11,514.54,197.0,,14277,"Perry, Turner and Diaz",Education,jesse.boyd@Perry.edu
1618,2020-10-31,1045,Tiffany,Nelson,1963-12-05,491.1,202.0,Florida,92228,Butler-Scott,Education,tiffany.nelson@Butler.edu
1239,2019-03-31,1035,Natalie,Dunn,1982-10-06,505.28,192.0,Texas,14495,"Rogers, Anderson and Peterson",Retail,natalie.dunn@Rogers.io
375,2019-03-31,1011,David,Chavez,1976-03-17,518.35,206.0,Texas,13706,Glenn-Vincent,Retail,david.chavez@Glenn.io
1632,2018-12-31,1046,Tim,Beasley,1950-08-16,495.57,202.0,New Yoke,90626,Ross PLC,IT,tim.beasley@Ross.io
2,2018-02-28,1001,Alexandra,Taylor,1954-07-27,493.88,200.0,Florida,32554,Carroll Inc,Financial,alexandra.taylor@Carroll.net
711,2020-03-31,1020,John,Bullock,1994-08-12,494.08,197.0,Florida,11239,"Parks, Miranda and Conway",IT,john.bullock@Parks.io
939,2018-03-31,1027,Mary,Wong,1989-07-22,509.26,200.0,Florida,13932,"Castillo, Ramirez and Mitchell",Oil and Gas,mary.wong@Castillo.net
1617,2020-09-30,1045,Tiffany,Nelson,1963-12-05,474.6,210.0,Florida,92228,Butler-Scott,Education,tiffany.nelson@Butler.edu
1783,2019-07-31,1050,Vincent,Jimenez,1979-04-14,508.4,202.0,New Yoke,94076,Foley-Diaz,Oil and Gas,vincent.jimenez@Foley.com
672,2019-12-31,1019,Joel,Byrd,1991-07-04,500.9,209.0,California,10355,"Williams, Woodard and Martinez",IT,joel.byrd@Williams.io
33,2020-09-30,1001,Alexandra,Taylor,1954-07-27,493.13,183.0,Florida,32554,Carroll Inc,Financial,alexandra.taylor@Carroll.net
239,2019-11-30,1007,Christopher,Nguyen,1967-06-18,483.26,188.0,Pennsylvania,12653,Gould-Foster,Retail,christopher.nguyen@Gould.io
128,2019-08-31,1004,Brian,Young,1961-06-28,503.38,193.0,California,11934,Turner Ltd,Education,brian.young@Turner.edu
355,2020-07-31,1010,David,Duncan,1984-04-23,492.99,210.0,Texas,14681,"Johnson, Olson and Smith",Education,david.duncan@Johnson.edu
165,2019-09-30,1005,Brittany,Dean,1987-10-25,504.95,201.0,Florida,12093,"Scott, Howard and Vaughn",IT,brittany.dean@Scott.io
1210,2019-10-31,1034,Michele,Rice,1981-06-02,519.29,200.0,Texas,14334,"Kelly, Johnson and Perez",Oil and Gas,michele.rice@Kelly.net
494,2020-02-29,1014,Isaiah,Rodriguez,1952-09-11,504.52,208.0,Florida,10876,Gilbert Ltd,Retail,isaiah.rodriguez@Gilbert.com
474,2018-06-30,1014,Isaiah,Rodriguez,1952-09-11,518.66,198.0,Florida,10876,Gilbert Ltd,Retail,isaiah.rodriguez@Gilbert.com
1687,2020-07-31,1047,Tonya,Bell,1969-05-15,489.1,202.0,New Yoke,92883,Brown-Spencer,IT,tonya.bell@Brown.com
1229,2018-05-31,1035,Natalie,Dunn,1982-10-06,503.09,209.0,Texas,14495,"Rogers, Anderson and Peterson",Retail,natalie.dunn@Rogers.io
1786,2019-10-31,1050,Vincent,Jimenez,1979-04-14,506.37,213.0,New Yoke,94076,Foley-Diaz,Oil and Gas,vincent.jimenez@Foley.com
90,2019-06-30,1003,Brenda,Young,1961-08-14,511.29,202.0,California,11950,Watkins and Sons,Retail,brenda.young@Watkins.net
1161,2018-09-30,1033,Michael,Hudson,1984-03-27,491.84,198.0,Pennsylvania,14673,"Jackson, Hall and Pittman",Oil and Gas,michael.hudson@Jackson.com
98,2020-02-29,1003,Brenda,Young,1961-08-14,500.44,198.0,California,11950,Watkins and Sons,Retail,brenda.young@Watkins.net
1025,2019-05-31,1029,Melissa,Kelley,1982-09-22,506.79,205.0,Florida,14491,"Jones, George and Obrien",Retail,melissa.kelley@Jones.net
1479,2018-03-31,1042,Tammy,Fowler,1988-12-09,517.17,201.0,Florida,95239,"Rodriguez, Figueroa and Sanchez",Financial,tammy.fowler@Rodriguez.net
451,2019-07-31,1013,Fred,Green,1963-01-19,494.68,216.0,California,12122,Roberts-Blankenship,Oil and Gas,fred.green@Roberts.net
552,2018-12-31,1016,James,Ward,1970-01-10,484.9,201.0,Texas,12962,Harrison-Mitchell,Retail,james.ward@Harrison.net
1105,2020-01-31,1031,Melissa,Smith,1946-04-06,503.55,200.0,California,10101,Harrison Group,Education,melissa.smith@Harrison.edu
219,2018-03-31,1007,Christopher,Nguyen,1967-06-18,514.08,204.0,Pennsylvania,12653,Gould-Foster,Retail,christopher.nguyen@Gould.io
179,2020-11-30,1005,Brittany,Dean,1987-10-25,506.8,196.0,Florida,12093,"Scott, Howard and Vaughn",IT,brittany.dean@Scott.io
435,2018-03-31,1013,Fred,Green,1963-01-19,511.47,200.0,California,12122,Roberts-Blankenship,Oil and Gas,fred.green@Roberts.net
569,2020-05-31,1016,James,Ward,1970-01-10,486.01,191.0,Texas,12962,Harrison-Mitchell,Retail,james.ward@Harrison.net
1421,2019-05-31,1040,Sara,Ellis,1976-08-19,513.73,196.0,Florida,93757,Riley-Warren,Retail,sara.ellis@Riley.net
743,2019-11-30,1021,Joseph,Martin,1956-08-25,484.43,203.0,Texas,11352,Butler Group,Retail,joseph.martin@Butler.com
1149,2020-09-30,1032,Michael,Jones,1950-09-11,491.72,196.0,Florida,10635,House and Sons,Oil and Gas,michael.jones@House.com
485,2019-05-31,1014,Isaiah,Rodriguez,1952-09-11,514.61,191.0,Florida,10876,Gilbert Ltd,Retail,isaiah.rodriguez@Gilbert.com
1335,2018-03-31,1038,Ricky,Fowler,1988-12-10,503.39,203.0,Texas,95239,"Fisher, Webster and Garcia",Education,ricky.fowler@Fisher.edu
1787,2019-11-30,1050,Vincent,Jimenez,1979-04-14,503.79,211.0,New Yoke,94076,Foley-Diaz,Oil and Gas,vincent.jimenez@Foley.com
439,2018-07-31,1013,Fred,Green,1963-01-19,508.09,213.0,California,12122,Roberts-Blankenship,Oil and Gas,fred.green@Roberts.net
782,2020-02-29,1022,Karen,Mullen,1954-12-23,488.93,196.0,Pennsylvania,11150,Sanchez PLC,Oil and Gas,karen.mullen@Sanchez.com
550,2018-10-31,1016,James,Ward,1970-01-10,488.45,187.0,Texas,12962,Harrison-Mitchell,Retail,james.ward@Harrison.net
855,2020-03-31,1024,Kimberly,Joseph,1993-11-25,506.73,212.0,California,13137,"Reyes, Aguilar and Robinson",Education,kimberly.joseph@Reyes.edu
1603,2019-07-31,1045,Tiffany,Nelson,1963-12-05,493.02,199.0,Florida,92228,Butler-Scott,Education,tiffany.nelson@Butler.edu
784,2020-04-30,1022,Karen,Mullen,1954-12-23,505.05,193.0,Pennsylvania,11150,Sanchez PLC,Oil and Gas,karen.mullen@Sanchez.com
1299,2018-03-31,1037,Renee,Fleming,1991-11-02,503.33,203.0,Florida,10751,"Franklin, Mcconnell and Ortega",IT,renee.fleming@Franklin.com
1096,2019-04-30,1031,Melissa,Smith,1946-04-06,496.45,195.0,California,10101,Harrison Group,Education,melissa.smith@Harrison.edu
1245,2019-09-30,1035,Natalie,Dunn,1982-10-06,518.72,203.0,Texas,14495,"Rogers, Anderson and Peterson",Retail,natalie.dunn@Rogers.io
1009,2018-01-31,1029,Melissa,Kelley,1982-09-22,505.62,202.0,Florida,14491,"Jones, George and Obrien",Retail,melissa.kelley@Jones.net
1146,2020-06-30,1032,Michael,Jones,1950-09-11,505.58,206.0,Florida,10635,House and Sons,Oil and Gas,michael.jones@House.com
1491,2019-03-31,1042,Tammy,Fowler,1988-12-09,483.8,199.0,Florida,95239,"Rodriguez, Figueroa and Sanchez",Financial,tammy.fowler@Rodriguez.net
675,2020-03-31,1019,Joel,Byrd,1991-07-04,491.01,196.0,California,10355,"Williams, Woodard and Martinez",IT,joel.byrd@Williams.io
1716,2019-12-31,1048,Tyler,Kelley,1982-09-23,487.74,202.0,New Yoke,94491,"Stewart, Hawkins and Nichols",Retail,tyler.kelley@Stewart.com
688,2018-04-30,1020,John,Bullock,1994-08-12,506.27,196.0,Florida,11239,"Parks, Miranda and Conway",IT,john.bullock@Parks.io
1785,2019-09-30,1050,Vincent,Jimenez,1979-04-14,501.86,196.0,New Yoke,94076,Foley-Diaz,Oil and Gas,vincent.jimenez@Foley.com
1512,2020-12-31,1042,Tammy,Fowler,1988-12-09,505.49,202.0,Florida,95239,"Rodriguez, Figueroa and Sanchez",Financial,tammy.fowler@Rodriguez.net
819,2020-03-31,1023,Kenneth,Buckley,1965-02-25,496.74,194.0,Florida,12375,Stafford-Miller,Oil and Gas,kenneth.buckley@Stafford.com
754,2020-10-31,1021,Joseph,Martin,1956-08-25,495.61,191.0,Texas,11352,Butler Group,Retail,joseph.martin@Butler.com
122,2019-02-28,1004,Brian,Young,1961-06-28,492.25,203.0,California,11934,Turner Ltd,Education,brian.young@Turner.edu
701,2019-05-31,1020,John,Bullock,1994-08-12,492.09,211.0,Florida,11239,"Parks, Miranda and Conway",IT,john.bullock@Parks.io
878,2019-02-28,1025,Kristin,Bennett,1971-01-29,492.63,193.0,Pennsylvania,13089,Mack-Bridges,IT,kristin.bennett@Mack.io
1767,2018-03-31,1050,Vincent,Jimenez,1979-04-14,485.75,205.0,New Yoke,94076,Foley-Diaz,Oil and Gas,vincent.jimenez@Foley.com
1042,2020-10-31,1029,Melissa,Kelley,1982-09-22,506.02,201.0,Florida,14491,"Jones, George and Obrien",Retail,melissa.kelley@Jones.net
1694,2018-02-28,1048,Tyler,Kelley,1982-09-23,491.74,187.0,New Yoke,94491,"Stewart, Hawkins and Nichols",Retail,tyler.kelley@Stewart.com
580,2018-04-30,1017,Jesse,Boyd,1980-12-11,511.01,206.0,,14277,"Perry, Turner and Diaz",Education,jesse.boyd@Perry.edu
857,2020-05-31,1024,Kimberly,Joseph,1993-11-25,510.06,185.0,California,13137,"Reyes, Aguilar and Robinson",Education,kimberly.joseph@Reyes.edu
1243,2019-07-31,1035,Natalie,Dunn,1982-10-06,507.18,204.0,Texas,14495,"Rogers, Anderson and Peterson",Retail,natalie.dunn@Rogers.io
39,2018-03-31,1002,Ashley,Blanchard,1949-04-10,516.6,200.0,New Yoke,10464,Davis LLC,Education,ashley.blanchard@Davis.edu
32,2020-08-31,1001,Alexandra,Taylor,1954-07-27,496.03,216.0,Florida,32554,Carroll Inc,Financial,alexandra.taylor@Carroll.net
1266,2018-06-30,1036,Rachel,Murphy,1967-10-17,497.07,197.0,California,12693,Brown-Smith,Education,rachel.murphy@Brown.edu
107,2020-11-30,1003,Brenda,Young,1961-08-14,507.41,213.0,California,11950,Watkins and Sons,Retail,brenda.young@Watkins.net
24,2019-12-31,1001,Alexandra,Taylor,1954-07-27,505.02,193.0,Florida,32554,Carroll Inc,Financial,alexandra.taylor@Carroll.net
712,2020-04-30,1020,John,Bullock,1994-08-12,476.95,195.0,Florida,11239,"Parks, Miranda and Conway",IT,john.bullock@Parks.io
70,2020-10-31,1002,Ashley,Blanchard,1949-04-10,486.04,205.0,New Yoke,10464,Davis LLC,Education,ashley.blanchard@Davis.edu
1610,2020-02-29,1045,Tiffany,Nelson,1963-12-05,494.8,185.0,Florida,92228,Butler-Scott,Education,tiffany.nelson@Butler.edu
1579,2020-07-31,1044,Theresa,Ortiz,1973-03-24,500.85,209.0,Pennsylvania,93347,Meyer-Miles,Financial,theresa.ortiz@Meyer.net
1451,2018-11-30,1041,Sarah,James,1971-05-10,508.58,205.0,New Yoke,93122,Cook-Riddle,Oil and Gas,sarah.james@Cook.net
1626,2018-06-30,1046,Tim,Beasley,1950-08-16,520.48,201.0,New Yoke,90626,Ross PLC,IT,tim.beasley@Ross.io
1586,2018-02-28,1045,Tiffany,Nelson,1963-12-05,496.84,195.0,Florida,92228,Butler-Scott,Education,tiffany.nelson@Butler.edu
266,2019-02-28,1008,Christopher,Perez,1960-11-07,512.02,193.0,Florida,11858,Wood Group,Oil and Gas,christopher.perez@Wood.io
1173,2019-09-30,1033,Michael,Hudson,1984-03-27,485.76,203.0,Pennsylvania,14673,"Jackson, Hall and Pittman",Oil and Gas,michael.hudson@Jackson.com
1018,2018-10-31,1029,Melissa,Kelley,1982-09-22,484.95,200.0,Florida,14491,"Jones, George and Obrien",Retail,melissa.kelley@Jones.net
1066,2019-10-31,1030,Melissa,Ryan,1982-02-09,502.59,189.0,Pennsylvania,14417,"Morton, Carr and Howell",Oil and Gas,melissa.ryan@Morton.com
506,2018-02-28,1015,Jacqueline,Sanford,1959-08-25,501.89,199.0,New Yoke,11712,Smith Ltd,Retail,jacqueline.sanford@Smith.net
277,2020-01-31,1008,Christopher,Perez,1960-11-07,485.59,207.0,Florida,11858,Wood Group,Oil and Gas,christopher.perez@Wood.io
811,2019-07-31,1023,Kenneth,Buckley,1965-02-25,494.31,203.0,Florida,12375,Stafford-Miller,Oil and Gas,kenneth.buckley@Stafford.com
340,2019-04-30,1010,David,Duncan,1984-04-23,478.86,200.0,Texas,14681,"Johnson, Olson and Smith",Education,david.duncan@Johnson.edu
1511,2020-11-30,1042,Tammy,Fowler,1988-12-09,498.14,190.0,Florida,95239,"Rodriguez, Figueroa and Sanchez",Financial,tammy.fowler@Rodriguez.net
947,2018-11-30,1027,Mary,Wong,1989-07-22,496.83,202.0,Florida,13932,"Castillo, Ramirez and Mitchell",Oil and Gas,mary.wong@Castillo.net
1663,2018-07-31,1047,Tonya,Bell,1969-05-15,512.57,205.0,New Yoke,92883,Brown-Spencer,IT,tonya.bell@Brown.com
186,2018-06-30,1006,Chad,Leon,1984-06-22,493.83,204.0,California,14701,"Short, Washington and Green",Education,chad.leon@Short.edu
800,2018-08-31,1023,Kenneth,Buckley,1965-02-25,496.76,191.0,Florida,12375,Stafford-Miller,Oil and Gas,kenneth.buckley@Stafford.com
932,2020-08-31,1026,Marcus,Burgess,1996-04-12,508.61,203.0,New Yoke,11661,"Knox, Keller and Reynolds",Financial,marcus.burgess@Knox.com
746,2020-02-29,1021,Joseph,Martin,1956-08-25,492.71,205.0,Texas,11352,Butler Group,Retail,joseph.martin@Butler.com
980,2018-08-31,1028,Mary,Rodriguez,1953-02-10,497.72,192.0,Texas,10926,Newton PLC,Education,mary.rodriguez@Newton.edu
62,2020-02-29,1002,Ashley,Blanchard,1949-04-10,512.53,199.0,New Yoke,10464,Davis LLC,Education,ashley.blanchard@Davis.edu
799,2018-07-31,1023,Kenneth,Buckley,1965-02-25,507.26,200.0,Florida,12375,Stafford-Miller,Oil and Gas,kenneth.buckley@Stafford.com
1660,2018-04-30,1047,Tonya,Bell,1969-05-15,499.14,202.0,New Yoke,92883,Brown-Spencer,IT,tonya.bell@Brown.com
1619,2020-11-30,1045,Tiffany,Nelson,1963-12-05,502.18,187.0,Florida,92228,Butler-Scott,Education,tiffany.nelson@Butler.edu
1543,2020-07-31,1043,Taylor,Johnson,1948-01-19,503.64,202.0,Pennsylvania,90316,Mitchell and Sons,IT,taylor.johnson@Mitchell.com
194,2019-02-28,1006,Chad,Leon,1984-06-22,511.11,195.0,California,14701,"Short, Washington and Green",Education,chad.leon@Short.edu
648,2020-12-31,1018,Jessica,White,1957-10-05,488.83,194.0,California,11485,Martinez Group,IT,jessica.white@Martinez.net
34,2020-10-31,1001,Alexandra,Taylor,1954-07-27,491.55,201.0,Florida,32554,Carroll Inc,Financial,alexandra.taylor@Carroll.net
1346,2019-02-28,1038,Ricky,Fowler,1988-12-10,488.27,200.0,Texas,95239,"Fisher, Webster and Garcia",Education,ricky.fowler@Fisher.edu
802,2018-10-31,1023,Kenneth,Buckley,1965-02-25,507.8,191.0,Florida,12375,Stafford-Miller,Oil and Gas,kenneth.buckley@Stafford.com
58,2019-10-31,1002,Ashley,Blanchard,1949-04-10,509.31,204.0,New Yoke,10464,Davis LLC,Education,ashley.blanchard@Davis.edu
940,2018-04-30,1027,Mary,Wong,1989-07-22,495.43,193.0,Florida,13932,"Castillo, Ramirez and Mitchell",Oil and Gas,mary.wong@Castillo.net
1250,2020-02-29,1035,Natalie,Dunn,1982-10-06,492.73,197.0,Texas,14495,"Rogers, Anderson and Peterson",Retail,natalie.dunn@Rogers.io
359,2020-11-30,1010,David,Duncan,1984-04-23,495.51,190.0,Texas,14681,"Johnson, Olson and Smith",Education,david.duncan@Johnson.edu
1071,2020-03-31,1030,Melissa,Ryan,1982-02-09,479.52,198.0,Pennsylvania,14417,"Morton, Carr and Howell",Oil and Gas,melissa.ryan@Morton.com
1425,2019-09-30,1040,Sara,Ellis,1976-08-19,494.38,202.0,Florida,93757,Riley-Warren,Retail,sara.ellis@Riley.net
69,2020-09-30,1002,Ashley,Blanchard,1949-04-10,521.86,204.0,New Yoke,10464,Davis LLC,Education,ashley.blanchard@Davis.edu
292,2018-04-30,1009,Darrell,Ford,1976-12-07,499.43,195.0,Pennsylvania,13793,Austin-Adams,Education,darrell.ford@Austin.edu
47,2018-11-30,1002,Ashley,Blanchard,1949-04-10,501.91,204.0,New Yoke,10464,Davis LLC,Education,ashley.blanchard@Davis.edu
925,2020-01-31,1026,Marcus,Burgess,1996-04-12,491.07,203.0,New Yoke,11661,"Knox, Keller and Reynolds",Financial,marcus.burgess@Knox.com
278,2020-02-29,1008,Christopher,Perez,1960-11-07,512.32,210.0,Florida,11858,Wood Group,Oil and Gas,christopher.perez@Wood.io
1656,2020-12-31,1046,Tim,Beasley,1950-08-16,510.85,186.0,New Yoke,90626,Ross PLC,IT,tim.beasley@Ross.io
225,2018-09-30,1007,Christopher,Nguyen,1967-06-18,487.8,200.0,Pennsylvania,12653,Gould-Foster,Retail,christopher.nguyen@Gould.io
866,2018-02-28,1025,Kristin,Bennett,1971-01-29,496.31,197.0,Pennsylvania,13089,Mack-Bridges,IT,kristin.bennett@Mack.io
382,2019-10-31,1011,David,Chavez,1976-03-17,500.35,199.0,Texas,13706,Glenn-Vincent,Retail,david.chavez@Glenn.io
1304,2018-08-31,1037,Renee,Fleming,1991-11-02,485.23,201.0,Florida,10751,"Franklin, Mcconnell and Ortega",IT,renee.fleming@Franklin.com
365,2018-05-31,1011,David,Chavez,1976-03-17,497.64,203.0,Texas,13706,Glenn-Vincent,Retail,david.chavez@Glenn.io
1715,2019-11-30,1048,Tyler,Kelley,1982-09-23,495.8,205.0,New Yoke,94491,"Stewart, Hawkins and Nichols",Retail,tyler.kelley@Stewart.com
1026,2019-06-30,1029,Melissa,Kelley,1982-09-22,514.28,205.0,Florida,14491,"Jones, George and Obrien",Retail,melissa.kelley@Jones.net
775,2019-07-31,1022,Karen,Mullen,1954-12-23,510.33,204.0,Pennsylvania,11150,Sanchez PLC,Oil and Gas,karen.mullen@Sanchez.com
1559,2018-11-30,1044,Theresa,Ortiz,1973-03-24,516.36,194.0,Pennsylvania,93347,Meyer-Miles,Financial,theresa.ortiz@Meyer.net
67,2020-07-31,1002,Ashley,Blanchard,1949-04-10,511.32,195.0,New Yoke,10464,Davis LLC,Education,ashley.blanchard@Davis.edu
1057,2019-01-31,1030,Melissa,Ryan,1982-02-09,502.79,189.0,Pennsylvania,14417,"Morton, Carr and Howell",Oil and Gas,melissa.ryan@Morton.com
869,2018-05-31,1025,Kristin,Bennett,1971-01-29,504.45,192.0,Pennsylvania,13089,Mack-Bridges,IT,kristin.bennett@Mack.io
29,2020-05-31,1001,Alexandra,Taylor,1954-07-27,497.32,190.0,Florida,32554,Carroll Inc,Financial,alexandra.taylor@Carroll.net
295,2018-07-31,1009,Darrell,Ford,1976-12-07,499.15,196.0,Pennsylvania,13793,Austin-Adams,Education,darrell.ford@Austin.edu
114,2018-06-30,1004,Brian,Young,1961-06-28,491.4,196.0,California,11934,Turner Ltd,Education,brian.young@Turner.edu
246,2020-06-30,1007,Christopher,Nguyen,1967-06-18,506.75,204.0,Pennsylvania,12653,Gould-Foster,Retail,christopher.nguyen@Gould.io
1024,2019-04-30,1029,Melissa,Kelley,1982-09-22,495.09,199.0,Florida,14491,"Jones, George and Obrien",Retail,melissa.kelley@Jones.net
982,2018-10-31,1028,Mary,Rodriguez,1953-02-10,490.27,198.0,Texas,10926,Newton PLC,Education,mary.rodriguez@Newton.edu
412,2019-04-30,1012,David,Wells,1977-09-20,520.56,197.0,Florida,13888,Adams-Rice,IT,david.wells@Adams.net
1403,2020-11-30,1039,Samantha,Clark,1959-09-15,496.99,200.0,Texas,91720,Green Inc,Retail,samantha.clark@Green.net
1289,2020-05-31,1036,Rachel,Murphy,1967-10-17,506.59,194.0,California,12693,Brown-Smith,Education,rachel.murphy@Brown.edu
117,2018-09-30,1004,Brian,Young,1961-06-28,499.61,195.0,California,11934,Turner Ltd,Education,brian.young@Turner.edu
1669,2019-01-31,1047,Tonya,Bell,1969-05-15,516.49,195.0,New Yoke,92883,Brown-Spencer,IT,tonya.bell@Brown.com
1447,2018-07-31,1041,Sarah,James,1971-05-10,509.89,190.0,New Yoke,93122,Cook-Riddle,Oil and Gas,sarah.james@Cook.net
248,2020-08-31,1007,Christopher,Nguyen,1967-06-18,495.57,203.0,Pennsylvania,12653,Gould-Foster,Retail,christopher.nguyen@Gould.io
667,2019-07-31,1019,Joel,Byrd,1991-07-04,496.71,199.0,California,10355,"Williams, Woodard and Martinez",IT,joel.byrd@Williams.io
1706,2019-02-28,1048,Tyler,Kelley,1982-09-23,488.83,196.0,New Yoke,94491,"Stewart, Hawkins and Nichols",Retail,tyler.kelley@Stewart.com
1340,2018-08-31,1038,Ricky,Fowler,1988-12-10,499.29,208.0,Texas,95239,"Fisher, Webster and Garcia",Education,ricky.fowler@Fisher.edu
93,2019-09-30,1003,Brenda,Young,1961-08-14,496.25,201.0,California,11950,Watkins and Sons,Retail,brenda.young@Watkins.net
115,2018-07-31,1004,Brian,Young,1961-06-28,503.51,198.0,California,11934,Turner Ltd,Education,brian.young@Turner.edu
255,2018-03-31,1008,Christopher,Perez,1960-11-07,503.66,183.0,Florida,11858,Wood Group,Oil and Gas,christopher.perez@Wood.io
431,2020-11-30,1012,David,Wells,1977-09-20,512.08,208.0,Florida,13888,Adams-Rice,IT,david.wells@Adams.net
590,2019-02-28,1017,Jesse,Boyd,1980-12-11,474.84,200.0,,14277,"Perry, Turner and Diaz",Education,jesse.boyd@Perry.edu
1441,2018-01-31,1041,Sarah,James,1971-05-10,521.14,193.0,New Yoke,93122,Cook-Riddle,Oil and Gas,sarah.james@Cook.net
119,2018-11-30,1004,Brian,Young,1961-06-28,511.21,218.0,California,11934,Turner Ltd,Education,brian.young@Turner.edu
133,2020-01-31,1004,Brian,Young,1961-06-28,487.7,193.0,California,11934,Turner Ltd,Education,brian.young@Turner.edu
1292,2020-08-31,1036,Rachel,Murphy,1967-10-17,499.7,202.0,California,12693,Brown-Smith,Education,rachel.murphy@Brown.edu
1684,2020-04-30,1047,Tonya,Bell,1969-05-15,514.59,202.0,New Yoke,92883,Brown-Spencer,IT,tonya.bell@Brown.com
247,2020-07-31,1007,Christopher,Nguyen,1967-06-18,506.19,196.0,Pennsylvania,12653,Gould-Foster,Retail,christopher.nguyen@Gould.io
1178,2020-02-29,1033,Michael,Hudson,1984-03-27,490.5,207.0,Pennsylvania,14673,"Jackson, Hall and Pittman",Oil and Gas,michael.hudson@Jackson.com
777,2019-09-30,1022,Karen,Mullen,1954-12-23,491.43,207.0,Pennsylvania,11150,Sanchez PLC,Oil and Gas,karen.mullen@Sanchez.com
554,2019-02-28,1016,James,Ward,1970-01-10,485.23,198.0,Texas,12962,Harrison-Mitchell,Retail,james.ward@Harrison.net
1115,2020-11-30,1031,Melissa,Smith,1946-04-06,500.21,208.0,California,10101,Harrison Group,Education,melissa.smith@Harrison.edu
1646,2020-02-29,1046,Tim,Beasley,1950-08-16,485.75,198.0,New Yoke,90626,Ross PLC,IT,tim.beasley@Ross.io
1773,2018-09-30,1050,Vincent,Jimenez,1979-04-14,500.05,208.0,New Yoke,94076,Foley-Diaz,Oil and Gas,vincent.jimenez@Foley.com
1311,2019-03-31,1037,Renee,Fleming,1991-11-02,487.52,203.0,Florida,10751,"Franklin, Mcconnell and Ortega",IT,renee.fleming@Franklin.com
1225,2018-01-31,1035,Natalie,Dunn,1982-10-06,510.4,215.0,Texas,14495,"Rogers, Anderson and Peterson",Retail,natalie.dunn@Rogers.io
653,2018-05-31,1019,Joel,Byrd,1991-07-04,515.75,191.0,California,10355,"Williams, Woodard and Martinez",IT,joel.byrd@Williams.io
1172,2019-08-31,1033,Michael,Hudson,1984-03-27,519.01,192.0,Pennsylvania,14673,"Jackson, Hall and Pittman",Oil and Gas,michael.hudson@Jackson.com
1144,2020-04-30,1032,Michael,Jones,1950-09-11,497.33,204.0,Florida,10635,House and Sons,Oil and Gas,michael.jones@House.com
1268,2018-08-31,1036,Rachel,Murphy,1967-10-17,497.18,206.0,California,12693,Brown-Smith,Education,rachel.murphy@Brown.edu
1729,2018-01-31,1049,Tyler,Jones,1949-12-23,513.31,205.0,California,90548,Cooper Inc,Education,tyler.jones@Cooper.edu
535,2020-07-31,1015,Jacqueline,Sanford,1959-08-25,497.11,198.0,New Yoke,11712,Smith Ltd,Retail,jacqueline.sanford@Smith.net
864,2020-12-31,1024,Kimberly,Joseph,1993-11-25,486.05,205.0,California,13137,"Reyes, Aguilar and Robinson",Education,kimberly.joseph@Reyes.edu
1233,2018-09-30,1035,Natalie,Dunn,1982-10-06,512.91,209.0,Texas,14495,"Rogers, Anderson and Peterson",Retail,natalie.dunn@Rogers.io
1284,2019-12-31,1036,Rachel,Murphy,1967-10-17,481.21,204.0,California,12693,Brown-Smith,Education,rachel.murphy@Brown.edu
899,2020-11-30,1025,Kristin,Bennett,1971-01-29,504.94,202.0,Pennsylvania,13089,Mack-Bridges,IT,kristin.bennett@Mack.io
1242,2019-06-30,1035,Natalie,Dunn,1982-10-06,492.72,197.0,Texas,14495,"Rogers, Anderson and Peterson",Retail,natalie.dunn@Rogers.io
1737,2018-09-30,1049,Tyler,Jones,1949-12-23,492.54,196.0,California,90548,Cooper Inc,Education,tyler.jones@Cooper.edu
678,2020-06-30,1019,Joel,Byrd,1991-07-04,499.81,196.0,California,10355,"Williams, Woodard and Martinez",IT,joel.byrd@Williams.io
15,2019-03-31,1001,Alexandra,Taylor,1954-07-27,511.34,204.0,Florida,32554,Carroll Inc,Financial,alexandra.taylor@Carroll.net
502,2020-10-31,1014,Isaiah,Rodriguez,1952-09-11,500.57,190.0,Florida,10876,Gilbert Ltd,Retail,isaiah.rodriguez@Gilbert.com
1466,2020-02-29,1041,Sarah,James,1971-05-10,512.82,200.0,New Yoke,93122,Cook-Riddle,Oil and Gas,sarah.james@Cook.net
1108,2020-04-30,1031,Melissa,Smith,1946-04-06,496.88,194.0,California,10101,Harrison Group,Education,melissa.smith@Harrison.edu
1509,2020-09-30,1042,Tammy,Fowler,1988-12-09,498.34,198.0,Florida,95239,"Rodriguez, Figueroa and Sanchez",Financial,tammy.fowler@Rodriguez.net
602,2020-02-29,1017,Jesse,Boyd,1980-12-11,504.95,199.0,,14277,"Perry, Turner and Diaz",Education,jesse.boyd@Perry.edu
877,2019-01-31,1025,Kristin,Bennett,1971-01-29,506.07,197.0,Pennsylvania,13089,Mack-Bridges,IT,kristin.bennett@Mack.io
274,2019-10-31,1008,Christopher,Perez,1960-11-07,508.85,195.0,Florida,11858,Wood Group,Oil and Gas,christopher.perez@Wood.io
686,2018-02-28,1020,John,Bullock,1994-08-12,486.08,207.0,Florida,11239,"Parks, Miranda and Conway",IT,john.bullock@Parks.io
1344,2018-12-31,1038,Ricky,Fowler,1988-12-10,528.27,187.0,Texas,95239,"Fisher, Webster and Garcia",Education,ricky.fowler@Fisher.edu
1135,2019-07-31,1032,Michael,Jones,1950-09-11,502.91,202.0,Florida,10635,House and Sons,Oil and Gas,michael.jones@House.com
372,2018-12-31,1011,David,Chavez,1976-03-17,495.31,199.0,Texas,13706,Glenn-Vincent,Retail,david.chavez@Glenn.io
272,2019-08-31,1008,Christopher,Perez,1960-11-07,515.43,195.0,Florida,11858,Wood Group,Oil and Gas,christopher.perez@Wood.io
607,2020-07-31,1017,Jesse,Boyd,1980-12-11,503.51,199.0,,14277,"Perry, Turner and Diaz",Education,jesse.boyd@Perry.edu
215,2020-11-30,1006,Chad,Leon,1984-06-22,487.63,195.0,California,14701,"Short, Washington and Green",Education,chad.leon@Short.edu
1696,2018-04-30,1048,Tyler,Kelley,1982-09-23,502.97,200.0,New Yoke,94491,"Stewart, Hawkins and Nichols",Retail,tyler.kelley@Stewart.com
345,2019-09-30,1010,David,Duncan,1984-04-23,498.9,211.0,Texas,14681,"Johnson, Olson and Smith",Education,david.duncan@Johnson.edu
840,2018-12-31,1024,Kimberly,Joseph,1993-11-25,507.26,206.0,California,13137,"Reyes, Aguilar and Robinson",Education,kimberly.joseph@Reyes.edu
148,2018-04-30,1005,Brittany,Dean,1987-10-25,506.18,197.0,Florida,12093,"Scott, Howard and Vaughn",IT,brittany.dean@Scott.io
1023,2019-03-31,1029,Melissa,Kelley,1982-09-22,497.7,197.0,Florida,14491,"Jones, George and Obrien",Retail,melissa.kelley@Jones.net
1357,2020-01-31,1038,Ricky,Fowler,1988-12-10,488.5,199.0,Texas,95239,"Fisher, Webster and Garcia",Education,ricky.fowler@Fisher.edu
413,2019-05-31,1012,David,Wells,1977-09-20,517.6,204.0,Florida,13888,Adams-Rice,IT,david.wells@Adams.net
785,2020-05-31,1022,Karen,Mullen,1954-12-23,512.18,196.0,Pennsylvania,11150,Sanchez PLC,Oil and Gas,karen.mullen@Sanchez.com
343,2019-07-31,1010,David,Duncan,1984-04-23,495.58,204.0,Texas,14681,"Johnson, Olson and Smith",Education,david.duncan@Johnson.edu
949,2019-01-31,1027,Mary,Wong,1989-07-22,512.2,206.0,Florida,13932,"Castillo, Ramirez and Mitchell",Oil and Gas,mary.wong@Castillo.net
749,2020-05-31,1021,Joseph,Martin,1956-08-25,503.21,196.0,Texas,11352,Butler Group,Retail,joseph.martin@Butler.com
174,2020-06-30,1005,Brittany,Dean,1987-10-25,497.51,205.0,Florida,12093,"Scott, Howard and Vaughn",IT,brittany.dean@Scott.io
378,2019-06-30,1011,David,Chavez,1976-03-17,492.14,197.0,Texas,13706,Glenn-Vincent,Retail,david.chavez@Glenn.io
740,2019-08-31,1021,Joseph,Martin,1956-08-25,487.87,192.0,Texas,11352,Butler Group,Retail,joseph.martin@Butler.com
1287,2020-03-31,1036,Rachel,Murphy,1967-10-17,500.33,202.0,California,12693,Brown-Smith,Education,rachel.murphy@Brown.edu
53,2019-05-31,1002,Ashley,Blanchard,1949-04-10,488.57,197.0,New Yoke,10464,Davis LLC,Education,ashley.blanchard@Davis.edu
19,2019-07-31,1001,Alexandra,Taylor,1954-07-27,500.42,195.0,Florida,32554,Carroll Inc,Financial,alexandra.taylor@Carroll.net
222,2018-06-30,1007,Christopher,Nguyen,1967-06-18,505.03,215.0,Pennsylvania,12653,Gould-Foster,Retail,christopher.nguyen@Gould.io
1372,2018-04-30,1039,Samantha,Clark,1959-09-15,500.58,198.0,Texas,91720,Green Inc,Retail,samantha.clark@Green.net
1361,2020-05-31,1038,Ricky,Fowler,1988-12-10,504.77,195.0,Texas,95239,"Fisher, Webster and Garcia",Education,ricky.fowler@Fisher.edu
1722,2020-06-30,1048,Tyler,Kelley,1982-09-23,495.4,200.0,New Yoke,94491,"Stewart, Hawkins and Nichols",Retail,tyler.kelley@Stewart.com
1142,2020-02-29,1032,Michael,Jones,1950-09-11,498.7,203.0,Florida,10635,House and Sons,Oil and Gas,michael.jones@House.com
96,2019-12-31,1003,Brenda,Young,1961-08-14,500.77,207.0,California,11950,Watkins and Sons,Retail,brenda.young@Watkins.net
262,2018-10-31,1008,Christopher,Perez,1960-11-07,484.74,205.0,Florida,11858,Wood Group,Oil and Gas,christopher.perez@Wood.io
1439,2020-11-30,1040,Sara,Ellis,1976-08-19,513.2,212.0,Florida,93757,Riley-Warren,Retail,sara.ellis@Riley.net
1442,2018-02-28,1041,Sarah,James,1971-05-10,503.25,199.0,New Yoke,93122,Cook-Riddle,Oil and Gas,sarah.james@Cook.net
180,2020-12-31,1005,Brittany,Dean,1987-10-25,496.8,208.0,Florida,12093,"Scott, Howard and Vaughn",IT,brittany.dean@Scott.io
1128,2018-12-31,1032,Michael,Jones,1950-09-11,497.39,190.0,Florida,10635,House and Sons,Oil and Gas,michael.jones@House.com
718,2020-10-31,1020,John,Bullock,1994-08-12,508.07,205.0,Florida,11239,"Parks, Miranda and Conway",IT,john.bullock@Parks.io
1699,2018-07-31,1048,Tyler,Kelley,1982-09-23,489.3,209.0,New Yoke,94491,"Stewart, Hawkins and Nichols",Retail,tyler.kelley@Stewart.com
185,2018-05-31,1006,Chad,Leon,1984-06-22,498.9,206.0,California,14701,"Short, Washington and Green",Education,chad.leon@Short.edu
469,2018-01-31,1014,Isaiah,Rodriguez,1952-09-11,508.71,205.0,Florida,10876,Gilbert Ltd,Retail,isaiah.rodriguez@Gilbert.com
905,2018-05-31,1026,Marcus,Burgess,1996-04-12,499.64,196.0,New Yoke,11661,"Knox, Keller and Reynolds",Financial,marcus.burgess@Knox.com
72,2020-12-31,1002,Ashley,Blanchard,1949-04-10,494.96,206.0,New Yoke,10464,Davis LLC,Education,ashley.blanchard@Davis.edu
1171,2019-07-31,1033,Michael,Hudson,1984-03-27,499.64,202.0,Pennsylvania,14673,"Jackson, Hall and Pittman",Oil and Gas,michael.hudson@Jackson.com
1303,2018-07-31,1037,Renee,Fleming,1991-11-02,495.98,199.0,Florida,10751,"Franklin, Mcconnell and Ortega",IT,renee.fleming@Franklin.com
347,2019-11-30,1010,David,Duncan,1984-04-23,498.32,204.0,Texas,14681,"Johnson, Olson and Smith",Education,david.duncan@Johnson.edu
1209,2019-09-30,1034,Michele,Rice,1981-06-02,505.69,199.0,Texas,14334,"Kelly, Johnson and Perez",Oil and Gas,michele.rice@Kelly.net
30,2020-06-30,1001,Alexandra,Taylor,1954-07-27,505.3,199.0,Florida,32554,Carroll Inc,Financial,alexandra.taylor@Carroll.net
798,2018-06-30,1023,Kenneth,Buckley,1965-02-25,492.97,207.0,Florida,12375,Stafford-Miller,Oil and Gas,kenneth.buckley@Stafford.com
1065,2019-09-30,1030,Melissa,Ryan,1982-02-09,493.38,204.0,Pennsylvania,14417,"Morton, Carr and Howell",Oil and Gas,melissa.ryan@Morton.com
158,2019-02-28,1005,Brittany,Dean,1987-10-25,498.81,198.0,Florida,12093,"Scott, Howard and Vaughn",IT,brittany.dean@Scott.io
934,2020-10-31,1026,Marcus,Burgess,1996-04-12,499.81,198.0,New Yoke,11661,"Knox, Keller and Reynolds",Financial,marcus.burgess@Knox.com
660,2018-12-31,1019,Joel,Byrd,1991-07-04,486.65,198.0,California,10355,"Williams, Woodard and Martinez",IT,joel.byrd@Williams.io
1584,2020-12-31,1044,Theresa,Ortiz,1973-03-24,520.18,205.0,Pennsylvania,93347,Meyer-Miles,Financial,theresa.ortiz@Meyer.net
395,2020-11-30,1011,David,Chavez,1976-03-17,489.78,211.0,Texas,13706,Glenn-Vincent,Retail,david.chavez@Glenn.io
1078,2020-10-31,1030,Melissa,Ryan,1982-02-09,511.2,215.0,Pennsylvania,14417,"Morton, Carr and Howell",Oil and Gas,melissa.ryan@Morton.com
990,2019-06-30,1028,Mary,Rodriguez,1953-02-10,495.93,196.0,Texas,10926,Newton PLC,Education,mary.rodriguez@Newton.edu
1430,2020-02-29,1040,Sara,Ellis,1976-08-19,498.3,204.0,Florida,93757,Riley-Warren,Retail,sara.ellis@Riley.net
1547,2020-11-30,1043,Taylor,Johnson,1948-01-19,500.11,206.0,Pennsylvania,90316,Mitchell and Sons,IT,taylor.johnson@Mitchell.com
403,2018-07-31,1012,David,Wells,1977-09-20,503.67,201.0,Florida,13888,Adams-Rice,IT,david.wells@Adams.net
991,2019-07-31,1028,Mary,Rodriguez,1953-02-10,501.61,209.0,Texas,10926,Newton PLC,Education,mary.rodriguez@Newton.edu
679,2020-07-31,1019,Joel,Byrd,1991-07-04,501.5,202.0,California,10355,"Williams, Woodard and Martinez",IT,joel.byrd@Williams.io
1253,2020-05-31,1035,Natalie,Dunn,1982-10-06,515.05,201.0,Texas,14495,"Rogers, Anderson and Peterson",Retail,natalie.dunn@Rogers.io
824,2020-08-31,1023,Kenneth,Buckley,1965-02-25,493.19,193.0,Florida,12375,Stafford-Miller,Oil and Gas,kenneth.buckley@Stafford.com
965,2020-05-31,1027,Mary,Wong,1989-07-22,487.05,197.0,Florida,13932,"Castillo, Ramirez and Mitchell",Oil and Gas,mary.wong@Castillo.net
837,2018-09-30,1024,Kimberly,Joseph,1993-11-25,495.62,203.0,California,13137,"Reyes, Aguilar and Robinson",Education,kimberly.joseph@Reyes.edu
1035,2020-03-31,1029,Melissa,Kelley,1982-09-22,513.23,192.0,Florida,14491,"Jones, George and Obrien",Retail,melissa.kelley@Jones.net
1490,2019-02-28,1042,Tammy,Fowler,1988-12-09,469.84,199.0,Florida,95239,"Rodriguez, Figueroa and Sanchez",Financial,tammy.fowler@Rodriguez.net
941,2018-05-31,1027,Mary,Wong,1989-07-22,510.69,216.0,Florida,13932,"Castillo, Ramirez and Mitchell",Oil and Gas,mary.wong@Castillo.net
1056,2018-12-31,1030,Melissa,Ryan,1982-02-09,516.35,189.0,Pennsylvania,14417,"Morton, Carr and Howell",Oil and Gas,melissa.ryan@Morton.com
1103,2019-11-30,1031,Melissa,Smith,1946-04-06,487.21,212.0,California,10101,Harrison Group,Education,melissa.smith@Harrison.edu
693,2018-09-30,1020,John,Bullock,1994-08-12,495.09,196.0,Florida,11239,"Parks, Miranda and Conway",IT,john.bullock@Parks.io
1449,2018-09-30,1041,Sarah,James,1971-05-10,490.97,206.0,New Yoke,93122,Cook-Riddle,Oil and Gas,sarah.james@Cook.net
335,2018-11-30,1010,David,Duncan,1984-04-23,514.51,208.0,Texas,14681,"Johnson, Olson and Smith",Education,david.duncan@Johnson.edu
875,2018-11-30,1025,Kristin,Bennett,1971-01-29,500.5,214.0,Pennsylvania,13089,Mack-Bridges,IT,kristin.bennett@Mack.io
807,2019-03-31,1023,Kenneth,Buckley,1965-02-25,492.44,207.0,Florida,12375,Stafford-Miller,Oil and Gas,kenneth.buckley@Stafford.com
8,2018-08-31,1001,Alexandra,Taylor,1954-07-27,492.39,191.0,Florida,32554,Carroll Inc,Financial,alexandra.taylor@Carroll.net
519,2019-03-31,1015,Jacqueline,Sanford,1959-08-25,501.81,195.0,New Yoke,11712,Smith Ltd,Retail,jacqueline.sanford@Smith.net
198,2019-06-30,1006,Chad,Leon,1984-06-22,504.2,204.0,California,14701,"Short, Washington and Green",Education,chad.leon@Short.edu
297,2018-09-30,1009,Darrell,Ford,1976-12-07,504.17,192.0,Pennsylvania,13793,Austin-Adams,Education,darrell.ford@Austin.edu
1604,2019-08-31,1045,Tiffany,Nelson,1963-12-05,494.22,207.0,Florida,92228,Butler-Scott,Education,tiffany.nelson@Butler.edu
1602,2019-06-30,1045,Tiffany,Nelson,1963-12-05,510.75,189.0,Florida,92228,Butler-Scott,Education,tiffany.nelson@Butler.edu
1510,2020-10-31,1042,Tammy,Fowler,1988-12-09,511.69,196.0,Florida,95239,"Rodriguez, Figueroa and Sanchez",Financial,tammy.fowler@Rodriguez.net
123,2019-03-31,1004,Brian,Young,1961-06-28,512.74,198.0,California,11934,Turner Ltd,Education,brian.young@Turner.edu
379,2019-07-31,1011,David,Chavez,1976-03-17,482.44,205.0,Texas,13706,Glenn-Vincent,Retail,david.chavez@Glenn.io
1064,2019-08-31,1030,Melissa,Ryan,1982-02-09,498.59,202.0,Pennsylvania,14417,"Morton, Carr and Howell",Oil and Gas,melissa.ryan@Morton.com
1571,2019-11-30,1044,Theresa,Ortiz,1973-03-24,478.49,201.0,Pennsylvania,93347,Meyer-Miles,Financial,theresa.ortiz@Meyer.net
1327,2020-07-31,1037,Renee,Fleming,1991-11-02,501.86,197.0,Florida,10751,"Franklin, Mcconnell and Ortega",IT,renee.fleming@Franklin.com
163,2019-07-31,1005,Brittany,Dean,1987-10-25,502.49,197.0,Florida,12093,"Scott, Howard and Vaughn",IT,brittany.dean@Scott.io
1188,2020-12-31,1033,Michael,Hudson,1984-03-27,499.83,198.0,Pennsylvania,14673,"Jackson, Hall and Pittman",Oil and Gas,michael.hudson@Jackson.com
1093,2019-01-31,1031,Melissa,Smith,1946-04-06,505.69,206.0,California,10101,Harrison Group,Education,melissa.smith@Harrison.edu
125,2019-05-31,1004,Brian,Young,1961-06-28,481.42,206.0,California,11934,Turner Ltd,Education,brian.young@Turner.edu
553,2019-01-31,1016,James,Ward,1970-01-10,510.11,194.0,Texas,12962,Harrison-Mitchell,Retail,james.ward@Harrison.net
5,2018-05-31,1001,Alexandra,Taylor,1954-07-27,508.65,187.0,Florida,32554,Carroll Inc,Financial,alexandra.taylor@Carroll.net
917,2019-05-31,1026,Marcus,Burgess,1996-04-12,498.01,198.0,New Yoke,11661,"Knox, Keller and Reynolds",Financial,marcus.burgess@Knox.com
960,2019-12-31,1027,Mary,Wong,1989-07-22,511.25,199.0,Florida,13932,"Castillo, Ramirez and Mitchell",Oil and Gas,mary.wong@Castillo.net
1533,2019-09-30,1043,Taylor,Johnson,1948-01-19,473.83,201.0,Pennsylvania,90316,Mitchell and Sons,IT,taylor.johnson@Mitchell.com
613,2018-01-31,1018,Jessica,White,1957-10-05,507.85,200.0,California,11485,Martinez Group,IT,jessica.white@Martinez.net
288,2020-12-31,1008,Christopher,Perez,1960-11-07,501.77,189.0,Florida,11858,Wood Group,Oil and Gas,christopher.perez@Wood.io
958,2019-10-31,1027,Mary,Wong,1989-07-22,503.92,200.0,Florida,13932,"Castillo, Ramirez and Mitchell",Oil and Gas,mary.wong@Castillo.net
1792,2020-04-30,1050,Vincent,Jimenez,1979-04-14,504.06,207.0,New Yoke,94076,Foley-Diaz,Oil and Gas,vincent.jimenez@Foley.com
1342,2018-10-31,1038,Ricky,Fowler,1988-12-10,500.08,203.0,Texas,95239,"Fisher, Webster and Garcia",Education,ricky.fowler@Fisher.edu
1470,2020-06-30,1041,Sarah,James,1971-05-10,473.79,203.0,New Yoke,93122,Cook-Riddle,Oil and Gas,sarah.james@Cook.net
910,2018-10-31,1026,Marcus,Burgess,1996-04-12,495.47,206.0,New Yoke,11661,"Knox, Keller and Reynolds",Financial,marcus.burgess@Knox.com
508,2018-04-30,1015,Jacqueline,Sanford,1959-08-25,500.9,215.0,New Yoke,11712,Smith Ltd,Retail,jacqueline.sanford@Smith.net
357,2020-09-30,1010,David,Duncan,1984-04-23,501.56,190.0,Texas,14681,"Johnson, Olson and Smith",Education,david.duncan@Johnson.edu
353,2020-05-31,1010,David,Duncan,1984-04-23,498.05,211.0,Texas,14681,"Johnson, Olson and Smith",Education,david.duncan@Johnson.edu
846,2019-06-30,1024,Kimberly,Joseph,1993-11-25,522.94,204.0,California,13137,"Reyes, Aguilar and Robinson",Education,kimberly.joseph@Reyes.edu
1156,2018-04-30,1033,Michael,Hudson,1984-03-27,505.23,195.0,Pennsylvania,14673,"Jackson, Hall and Pittman",Oil and Gas,michael.hudson@Jackson.com
838,2018-10-31,1024,Kimberly,Joseph,1993-11-25,501.86,201.0,California,13137,"Reyes, Aguilar and Robinson",Education,kimberly.joseph@Reyes.edu
948,2018-12-31,1027,Mary,Wong,1989-07-22,506.41,191.0,Florida,13932,"Castillo, Ramirez and Mitchell",Oil and Gas,mary.wong@Castillo.net
669,2019-09-30,1019,Joel,Byrd,1991-07-04,489.51,198.0,California,10355,"Williams, Woodard and Martinez",IT,joel.byrd@Williams.io
888,2019-12-31,1025,Kristin,Bennett,1971-01-29,517.05,204.0,Pennsylvania,13089,Mack-Bridges,IT,kristin.bennett@Mack.io
1286,2020-02-29,1036,Rachel,Murphy,1967-10-17,507.59,203.0,California,12693,Brown-Smith,Education,rachel.murphy@Brown.edu
1501,2020-01-31,1042,Tammy,Fowler,1988-12-09,513.01,204.0,Florida,95239,"Rodriguez, Figueroa and Sanchez",Financial,tammy.fowler@Rodriguez.net
334,2018-10-31,1010,David,Duncan,1984-04-23,498.93,198.0,Texas,14681,"Johnson, Olson and Smith",Education,david.duncan@Johnson.edu
154,2018-10-31,1005,Brittany,Dean,1987-10-25,521.87,186.0,Florida,12093,"Scott, Howard and Vaughn",IT,brittany.dean@Scott.io
789,2020-09-30,1022,Karen,Mullen,1954-12-23,494.04,193.0,Pennsylvania,11150,Sanchez PLC,Oil and Gas,karen.mullen@Sanchez.com
503,2020-11-30,1014,Isaiah,Rodriguez,1952-09-11,492.0,208.0,Florida,10876,Gilbert Ltd,Retail,isaiah.rodriguez@Gilbert.com
723,2018-03-31,1021,Joseph,Martin,1956-08-25,494.96,185.0,Texas,11352,Butler Group,Retail,joseph.martin@Butler.com
374,2019-02-28,1011,David,Chavez,1976-03-17,495.87,199.0,Texas,13706,Glenn-Vincent,Retail,david.chavez@Glenn.io
592,2019-04-30,1017,Jesse,Boyd,1980-12-11,496.91,202.0,,14277,"Perry, Turner and Diaz",Education,jesse.boyd@Perry.edu
313,2020-01-31,1009,Darrell,Ford,1976-12-07,513.89,189.0,Pennsylvania,13793,Austin-Adams,Education,darrell.ford@Austin.edu
43,2018-07-31,1002,Ashley,Blanchard,1949-04-10,492.53,187.0,New Yoke,10464,Davis LLC,Education,ashley.blanchard@Davis.edu
1727,2020-11-30,1048,Tyler,Kelley,1982-09-23,488.19,186.0,New Yoke,94491,"Stewart, Hawkins and Nichols",Retail,tyler.kelley@Stewart.com
647,2020-11-30,1018,Jessica,White,1957-10-05,481.01,217.0,California,11485,Martinez Group,IT,jessica.white@Martinez.net
1528,2019-04-30,1043,Taylor,Johnson,1948-01-19,510.54,192.0,Pennsylvania,90316,Mitchell and Sons,IT,taylor.johnson@Mitchell.com
973,2018-01-31,1028,Mary,Rodriguez,1953-02-10,491.6,186.0,Texas,10926,Newton PLC,Education,mary.rodriguez@Newton.edu
1569,2019-09-30,1044,Theresa,Ortiz,1973-03-24,503.0,205.0,Pennsylvania,93347,Meyer-Miles,Financial,theresa.ortiz@Meyer.net
524,2019-08-31,1015,Jacqueline,Sanford,1959-08-25,517.6,205.0,New Yoke,11712,Smith Ltd,Retail,jacqueline.sanford@Smith.net
1456,2019-04-30,1041,Sarah,James,1971-05-10,513.35,199.0,New Yoke,93122,Cook-Riddle,Oil and Gas,sarah.james@Cook.net
764,2018-08-31,1022,Karen,Mullen,1954-12-23,517.0,191.0,Pennsylvania,11150,Sanchez PLC,Oil and Gas,karen.mullen@Sanchez.com
1522,2018-10-31,1043,Taylor,Johnson,1948-01-19,492.04,193.0,Pennsylvania,90316,Mitchell and Sons,IT,taylor.johnson@Mitchell.com
1661,2018-05-31,1047,Tonya,Bell,1969-05-15,488.75,197.0,New Yoke,92883,Brown-Spencer,IT,tonya.bell@Brown.com
1349,2019-05-31,1038,Ricky,Fowler,1988-12-10,500.11,200.0,Texas,95239,"Fisher, Webster and Garcia",Education,ricky.fowler@Fisher.edu
706,2019-10-31,1020,John,Bullock,1994-08-12,500.26,194.0,Florida,11239,"Parks, Miranda and Conway",IT,john.bullock@Parks.io
1498,2019-10-31,1042,Tammy,Fowler,1988-12-09,497.9,194.0,Florida,95239,"Rodriguez, Figueroa and Sanchez",Financial,tammy.fowler@Rodriguez.net
1611,2020-03-31,1045,Tiffany,Nelson,1963-12-05,488.88,194.0,Florida,92228,Butler-Scott,Education,tiffany.nelson@Butler.edu
1410,2018-06-30,1040,Sara,Ellis,1976-08-19,498.75,202.0,Florida,93757,Riley-Warren,Retail,sara.ellis@Riley.net
946,2018-10-31,1027,Mary,Wong,1989-07-22,485.81,191.0,Florida,13932,"Castillo, Ramirez and Mitchell",Oil and Gas,mary.wong@Castillo.net
169,2020-01-31,1005,Brittany,Dean,1987-10-25,521.91,229.0,Florida,12093,"Scott, Howard and Vaughn",IT,brittany.dean@Scott.io
1566,2019-06-30,1044,Theresa,Ortiz,1973-03-24,502.07,198.0,Pennsylvania,93347,Meyer-Miles,Financial,theresa.ortiz@Meyer.net
361,2018-01-31,1011,David,Chavez,1976-03-17,494.43,209.0,Texas,13706,Glenn-Vincent,Retail,david.chavez@Glenn.io
1020,2018-12-31,1029,Melissa,Kelley,1982-09-22,488.26,208.0,Florida,14491,"Jones, George and Obrien",Retail,melissa.kelley@Jones.net
1779,2019-03-31,1050,Vincent,Jimenez,1979-04-14,485.42,212.0,New Yoke,94076,Foley-Diaz,Oil and Gas,vincent.jimenez@Foley.com
745,2020-01-31,1021,Joseph,Martin,1956-08-25,498.61,202.0,Texas,11352,Butler Group,Retail,joseph.martin@Butler.com
273,2019-09-30,1008,Christopher,Perez,1960-11-07,507.59,193.0,Florida,11858,Wood Group,Oil and Gas,christopher.perez@Wood.io
521,2019-05-31,1015,Jacqueline,Sanford,1959-08-25,514.43,201.0,New Yoke,11712,Smith Ltd,Retail,jacqueline.sanford@Smith.net
816,2019-12-31,1023,Kenneth,Buckley,1965-02-25,502.45,197.0,Florida,12375,Stafford-Miller,Oil and Gas,kenneth.buckley@Stafford.com
820,2020-04-30,1023,Kenneth,Buckley,1965-02-25,499.69,190.0,Florida,12375,Stafford-Miller,Oil and Gas,kenneth.buckley@Stafford.com
736,2019-04-30,1021,Joseph,Martin,1956-08-25,489.85,199.0,Texas,11352,Butler Group,Retail,joseph.martin@Butler.com
1724,2020-08-31,1048,Tyler,Kelley,1982-09-23,483.08,201.0,New Yoke,94491,"Stewart, Hawkins and Nichols",Retail,tyler.kelley@Stewart.com
1582,2020-10-31,1044,Theresa,Ortiz,1973-03-24,475.46,195.0,Pennsylvania,93347,Meyer-Miles,Financial,theresa.ortiz@Meyer.net
1397,2020-05-31,1039,Samantha,Clark,1959-09-15,513.09,190.0,Texas,91720,Green Inc,Retail,samantha.clark@Green.net
1781,2019-05-31,1050,Vincent,Jimenez,1979-04-14,518.36,200.0,New Yoke,94076,Foley-Diaz,Oil and Gas,vincent.jimenez@Foley.com
1123,2018-07-31,1032,Michael,Jones,1950-09-11,474.85,195.0,Florida,10635,House and Sons,Oil and Gas,michael.jones@House.com
129,2019-09-30,1004,Brian,Young,1961-06-28,488.01,208.0,California,11934,Turner Ltd,Education,brian.young@Turner.edu
1000,2020-04-30,1028,Mary,Rodriguez,1953-02-10,498.13,201.0,Texas,10926,Newton PLC,Education,mary.rodriguez@Newton.edu
1601,2019-05-31,1045,Tiffany,Nelson,1963-12-05,502.91,203.0,Florida,92228,Butler-Scott,Education,tiffany.nelson@Butler.edu
546,2018-06-30,1016,James,Ward,1970-01-10,483.01,206.0,Texas,12962,Harrison-Mitchell,Retail,james.ward@Harrison.net
380,2019-08-31,1011,David,Chavez,1976-03-17,507.15,218.0,Texas,13706,Glenn-Vincent,Retail,david.chavez@Glenn.io
204,2019-12-31,1006,Chad,Leon,1984-06-22,519.55,211.0,California,14701,"Short, Washington and Green",Education,chad.leon@Short.edu
344,2019-08-31,1010,David,Duncan,1984-04-23,503.24,203.0,Texas,14681,"Johnson, Olson and Smith",Education,david.duncan@Johnson.edu
1536,2019-12-31,1043,Taylor,Johnson,1948-01-19,501.52,204.0,Pennsylvania,90316,Mitchell and Sons,IT,taylor.johnson@Mitchell.com
1670,2019-02-28,1047,Tonya,Bell,1969-05-15,504.33,200.0,New Yoke,92883,Brown-Spencer,IT,tonya.bell@Brown.com
520,2019-04-30,1015,Jacqueline,Sanford,1959-08-25,511.07,186.0,New Yoke,11712,Smith Ltd,Retail,jacqueline.sanford@Smith.net
1593,2018-09-30,1045,Tiffany,Nelson,1963-12-05,485.41,205.0,Florida,92228,Butler-Scott,Education,tiffany.nelson@Butler.edu
490,2019-10-31,1014,Isaiah,Rodriguez,1952-09-11,490.82,208.0,Florida,10876,Gilbert Ltd,Retail,isaiah.rodriguez@Gilbert.com
1263,2018-03-31,1036,Rachel,Murphy,1967-10-17,509.64,204.0,California,12693,Brown-Smith,Education,rachel.murphy@Brown.edu
1771,2018-07-31,1050,Vincent,Jimenez,1979-04-14,492.43,204.0,New Yoke,94076,Foley-Diaz,Oil and Gas,vincent.jimenez@Foley.com
919,2019-07-31,1026,Marcus,Burgess,1996-04-12,496.05,203.0,New Yoke,11661,"Knox, Keller and Reynolds",Financial,marcus.burgess@Knox.com
233,2019-05-31,1007,Christopher,Nguyen,1967-06-18,506.61,201.0,Pennsylvania,12653,Gould-Foster,Retail,christopher.nguyen@Gould.io
796,2018-04-30,1023,Kenneth,Buckley,1965-02-25,487.7,200.0,Florida,12375,Stafford-Miller,Oil and Gas,kenneth.buckley@Stafford.com
1685,2020-05-31,1047,Tonya,Bell,1969-05-15,479.74,205.0,New Yoke,92883,Brown-Spencer,IT,tonya.bell@Brown.com
1124,2018-08-31,1032,Michael,Jones,1950-09-11,508.15,201.0,Florida,10635,House and Sons,Oil and Gas,michael.jones@House.com
516,2018-12-31,1015,Jacqueline,Sanford,1959-08-25,492.42,196.0,New Yoke,11712,Smith Ltd,Retail,jacqueline.sanford@Smith.net
1782,2019-06-30,1050,Vincent,Jimenez,1979-04-14,501.87,197.0,New Yoke,94076,Foley-Diaz,Oil and Gas,vincent.jimenez@Foley.com
513,2018-09-30,1015,Jacqueline,Sanford,1959-08-25,501.7,209.0,New Yoke,11712,Smith Ltd,Retail,jacqueline.sanford@Smith.net
113,2018-05-31,1004,Brian,Young,1961-06-28,508.46,194.0,California,11934,Turner Ltd,Education,brian.young@Turner.edu
1721,2020-05-31,1048,Tyler,Kelley,1982-09-23,500.54,201.0,New Yoke,94491,"Stewart, Hawkins and Nichols",Retail,tyler.kelley@Stewart.com
218,2018-02-28,1007,Christopher,Nguyen,1967-06-18,495.65,202.0,Pennsylvania,12653,Gould-Foster,Retail,christopher.nguyen@Gould.io
501,2020-09-30,1014,Isaiah,Rodriguez,1952-09-11,482.81,202.0,Florida,10876,Gilbert Ltd,Retail,isaiah.rodriguez@Gilbert.com
1763,2020-11-30,1049,Tyler,Jones,1949-12-23,497.09,204.0,California,90548,Cooper Inc,Education,tyler.jones@Cooper.edu
936,2020-12-31,1026,Marcus,Burgess,1996-04-12,484.35,195.0,New Yoke,11661,"Knox, Keller and Reynolds",Financial,marcus.burgess@Knox.com
226,2018-10-31,1007,Christopher,Nguyen,1967-06-18,524.49,191.0,Pennsylvania,12653,Gould-Foster,Retail,christopher.nguyen@Gould.io
1044,2020-12-31,1029,Melissa,Kelley,1982-09-22,501.09,202.0,Florida,14491,"Jones, George and Obrien",Retail,melissa.kelley@Jones.net
1194,2018-06-30,1034,Michele,Rice,1981-06-02,492.89,184.0,Texas,14334,"Kelly, Johnson and Perez",Oil and Gas,michele.rice@Kelly.net
1535,2019-11-30,1043,Taylor,Johnson,1948-01-19,501.82,193.0,Pennsylvania,90316,Mitchell and Sons,IT,taylor.johnson@Mitchell.com
1318,2019-10-31,1037,Renee,Fleming,1991-11-02,508.28,193.0,Florida,10751,"Franklin, Mcconnell and Ortega",IT,renee.fleming@Franklin.com
1665,2018-09-30,1047,Tonya,Bell,1969-05-15,496.14,203.0,New Yoke,92883,Brown-Spencer,IT,tonya.bell@Brown.com
398,2018-02-28,1012,David,Wells,1977-09-20,509.21,201.0,Florida,13888,Adams-Rice,IT,david.wells@Adams.net
542,2018-02-28,1016,James,Ward,1970-01-10,492.68,210.0,Texas,12962,Harrison-Mitchell,Retail,james.ward@Harrison.net
329,2018-05-31,1010,David,Duncan,1984-04-23,497.62,195.0,Texas,14681,"Johnson, Olson and Smith",Education,david.duncan@Johnson.edu
797,2018-05-31,1023,Kenneth,Buckley,1965-02-25,511.09,218.0,Florida,12375,Stafford-Miller,Oil and Gas,kenneth.buckley@Stafford.com
850,2019-10-31,1024,Kimberly,Joseph,1993-11-25,510.21,194.0,California,13137,"Reyes, Aguilar and Robinson",Education,kimberly.joseph@Reyes.edu
1745,2019-05-31,1049,Tyler,Jones,1949-12-23,495.47,206.0,California,90548,Cooper Inc,Education,tyler.jones@Cooper.edu
1735,2018-07-31,1049,Tyler,Jones,1949-12-23,498.88,197.0,California,90548,Cooper Inc,Education,tyler.jones@Cooper.edu
1428,2019-12-31,1040,Sara,Ellis,1976-08-19,507.48,203.0,Florida,93757,Riley-Warren,Retail,sara.ellis@Riley.net
94,2019-10-31,1003,Brenda,Young,1961-08-14,493.61,210.0,California,11950,Watkins and Sons,Retail,brenda.young@Watkins.net
214,2020-10-31,1006,Chad,Leon,1984-06-22,494.13,191.0,California,14701,"Short, Washington and Green",Education,chad.leon@Short.edu
772,2019-04-30,1022,Karen,Mullen,1954-12-23,507.31,193.0,Pennsylvania,11150,Sanchez PLC,Oil and Gas,karen.mullen@Sanchez.com
338,2019-02-28,1010,David,Duncan,1984-04-23,480.57,201.0,Texas,14681,"Johnson, Olson and Smith",Education,david.duncan@Johnson.edu
805,2019-01-31,1023,Kenneth,Buckley,1965-02-25,499.08,204.0,Florida,12375,Stafford-Miller,Oil and Gas,kenneth.buckley@Stafford.com
213,2020-09-30,1006,Chad,Leon,1984-06-22,511.14,198.0,California,14701,"Short, Washington and Green",Education,chad.leon@Short.edu
620,2018-08-31,1018,Jessica,White,1957-10-05,493.88,199.0,California,11485,Martinez Group,IT,jessica.white@Martinez.net
1141,2020-01-31,1032,Michael,Jones,1950-09-11,490.77,201.0,Florida,10635,House and Sons,Oil and Gas,michael.jones@House.com
1184,2020-08-31,1033,Michael,Hudson,1984-03-27,506.67,195.0,Pennsylvania,14673,"Jackson, Hall and Pittman",Oil and Gas,michael.hudson@Jackson.com
1170,2019-06-30,1033,Michael,Hudson,1984-03-27,513.26,194.0,Pennsylvania,14673,"Jackson, Hall and Pittman",Oil and Gas,michael.hudson@Jackson.com
1138,2019-10-31,1032,Michael,Jones,1950-09-11,501.78,206.0,Florida,10635,House and Sons,Oil and Gas,michael.jones@House.com
37,2018-01-31,1002,Ashley,Blanchard,1949-04-10,488.83,204.0,New Yoke,10464,Davis LLC,Education,ashley.blanchard@Davis.edu
106,2020-10-31,1003,Brenda,Young,1961-08-14,501.69,218.0,California,11950,Watkins and Sons,Retail,brenda.young@Watkins.net
363,2018-03-31,1011,David,Chavez,1976-03-17,480.57,199.0,Texas,13706,Glenn-Vincent,Retail,david.chavez@Glenn.io
852,2019-12-31,1024,Kimberly,Joseph,1993-11-25,495.23,200.0,California,13137,"Reyes, Aguilar and Robinson",Education,kimberly.joseph@Reyes.edu
758,2018-02-28,1022,Karen,Mullen,1954-12-23,492.96,216.0,Pennsylvania,11150,Sanchez PLC,Oil and Gas,karen.mullen@Sanchez.com
760,2018-04-30,1022,Karen,Mullen,1954-12-23,497.81,196.0,Pennsylvania,11150,Sanchez PLC,Oil and Gas,karen.mullen@Sanchez.com
366,2018-06-30,1011,David,Chavez,1976-03-17,507.28,200.0,Texas,13706,Glenn-Vincent,Retail,david.chavez@Glenn.io
858,2020-06-30,1024,Kimberly,Joseph,1993-11-25,503.54,189.0,California,13137,"Reyes, Aguilar and Robinson",Education,kimberly.joseph@Reyes.edu
1513,2018-01-31,1043,Taylor,Johnson,1948-01-19,501.89,199.0,Pennsylvania,90316,Mitchell and Sons,IT,taylor.johnson@Mitchell.com
1797,2020-09-30,1050,Vincent,Jimenez,1979-04-14,521.6,189.0,New Yoke,94076,Foley-Diaz,Oil and Gas,vincent.jimenez@Foley.com
567,2020-03-31,1016,James,Ward,1970-01-10,506.49,203.0,Texas,12962,Harrison-Mitchell,Retail,james.ward@Harrison.net
1377,2018-09-30,1039,Samantha,Clark,1959-09-15,509.04,210.0,Texas,91720,Green Inc,Retail,samantha.clark@Green.net
250,2020-10-31,1007,Christopher,Nguyen,1967-06-18,486.94,198.0,Pennsylvania,12653,Gould-Foster,Retail,christopher.nguyen@Gould.io
478,2018-10-31,1014,Isaiah,Rodriguez,1952-09-11,485.98,184.0,Florida,10876,Gilbert Ltd,Retail,isaiah.rodriguez@Gilbert.com
1708,2019-04-30,1048,Tyler,Kelley,1982-09-23,502.02,194.0,New Yoke,94491,"Stewart, Hawkins and Nichols",Retail,tyler.kelley@Stewart.com
1190,2018-02-28,1034,Michele,Rice,1981-06-02,490.2,198.0,Texas,14334,"Kelly, Johnson and Perez",Oil and Gas,michele.rice@Kelly.net
783,2020-03-31,1022,Karen,Mullen,1954-12-23,496.41,202.0,Pennsylvania,11150,Sanchez PLC,Oil and Gas,karen.mullen@Sanchez.com
456,2019-12-31,1013,Fred,Green,1963-01-19,490.98,199.0,California,12122,Roberts-Blankenship,Oil and Gas,fred.green@Roberts.net
1628,2018-08-31,1046,Tim,Beasley,1950-08-16,486.31,198.0,New Yoke,90626,Ross PLC,IT,tim.beasley@Ross.io
1202,2019-02-28,1034,Michele,Rice,1981-06-02,506.44,204.0,Texas,14334,"Kelly, Johnson and Perez",Oil and Gas,michele.rice@Kelly.net
1109,2020-05-31,1031,Melissa,Smith,1946-04-06,492.89,201.0,California,10101,Harrison Group,Education,melissa.smith@Harrison.edu
231,2019-03-31,1007,Christopher,Nguyen,1967-06-18,502.43,203.0,Pennsylvania,12653,Gould-Foster,Retail,christopher.nguyen@Gould.io
1321,2020-01-31,1037,Renee,Fleming,1991-11-02,506.64,206.0,Florida,10751,"Franklin, Mcconnell and Ortega",IT,renee.fleming@Franklin.com
654,2018-06-30,1019,Joel,Byrd,1991-07-04,512.07,205.0,California,10355,"Williams, Woodard and Martinez",IT,joel.byrd@Williams.io
71,2020-11-30,1002,Ashley,Blanchard,1949-04-10,485.56,195.0,New Yoke,10464,Davis LLC,Education,ashley.blanchard@Davis.edu
612,2020-12-31,1017,Jesse,Boyd,1980-12-11,510.08,200.0,,14277,"Perry, Turner and Diaz",Education,jesse.boyd@Perry.edu
1176,2019-12-31,1033,Michael,Hudson,1984-03-27,495.93,199.0,Pennsylvania,14673,"Jackson, Hall and Pittman",Oil and Gas,michael.hudson@Jackson.com
1730,2018-02-28,1049,Tyler,Jones,1949-12-23,499.9,190.0,California,90548,Cooper Inc,Education,tyler.jones@Cooper.edu
1675,2019-07-31,1047,Tonya,Bell,1969-05-15,521.35,189.0,New Yoke,92883,Brown-Spencer,IT,tonya.bell@Brown.com
1749,2019-09-30,1049,Tyler,Jones,1949-12-23,522.16,194.0,California,90548,Cooper Inc,Education,tyler.jones@Cooper.edu
411,2019-03-31,1012,David,Wells,1977-09-20,497.18,210.0,Florida,13888,Adams-Rice,IT,david.wells@Adams.net
1659,2018-03-31,1047,Tonya,Bell,1969-05-15,514.07,197.0,New Yoke,92883,Brown-Spencer,IT,tonya.bell@Brown.com
1153,2018-01-31,1033,Michael,Hudson,1984-03-27,506.81,202.0,Pennsylvania,14673,"Jackson, Hall and Pittman",Oil and Gas,michael.hudson@Jackson.com
339,2019-03-31,1010,David,Duncan,1984-04-23,474.94,204.0,Texas,14681,"Johnson, Olson and Smith",Education,david.duncan@Johnson.edu
1027,2019-07-31,1029,Melissa,Kelley,1982-09-22,500.36,200.0,Florida,14491,"Jones, George and Obrien",Retail,melissa.kelley@Jones.net
44,2018-08-31,1002,Ashley,Blanchard,1949-04-10,516.92,212.0,New Yoke,10464,Davis LLC,Education,ashley.blanchard@Davis.edu
541,2018-01-31,1016,James,Ward,1970-01-10,495.76,182.0,Texas,12962,Harrison-Mitchell,Retail,james.ward@Harrison.net
603,2020-03-31,1017,Jesse,Boyd,1980-12-11,490.48,199.0,,14277,"Perry, Turner and Diaz",Education,jesse.boyd@Perry.edu
1334,2018-02-28,1038,Ricky,Fowler,1988-12-10,493.72,198.0,Texas,95239,"Fisher, Webster and Garcia",Education,ricky.fowler@Fisher.edu
967,2020-07-31,1027,Mary,Wong,1989-07-22,498.0,194.0,Florida,13932,"Castillo, Ramirez and Mitchell",Oil and Gas,mary.wong@Castillo.net
1616,2020-08-31,1045,Tiffany,Nelson,1963-12-05,481.01,215.0,Florida,92228,Butler-Scott,Education,tiffany.nelson@Butler.edu
1436,2020-08-31,1040,Sara,Ellis,1976-08-19,501.21,200.0,Florida,93757,Riley-Warren,Retail,sara.ellis@Riley.net
172,2020-04-30,1005,Brittany,Dean,1987-10-25,509.01,186.0,Florida,12093,"Scott, Howard and Vaughn",IT,brittany.dean@Scott.io
418,2019-10-31,1012,David,Wells,1977-09-20,511.16,197.0,Florida,13888,Adams-Rice,IT,david.wells@Adams.net
839,2018-11-30,1024,Kimberly,Joseph,1993-11-25,503.94,197.0,California,13137,"Reyes, Aguilar and Robinson",Education,kimberly.joseph@Reyes.edu
1693,2018-01-31,1048,Tyler,Kelley,1982-09-23,521.72,194.0,New Yoke,94491,"Stewart, Hawkins and Nichols",Retail,tyler.kelley@Stewart.com
1499,2019-11-30,1042,Tammy,Fowler,1988-12-09,518.97,201.0,Florida,95239,"Rodriguez, Figueroa and Sanchez",Financial,tammy.fowler@Rodriguez.net
808,2019-04-30,1023,Kenneth,Buckley,1965-02-25,518.51,188.0,Florida,12375,Stafford-Miller,Oil and Gas,kenneth.buckley@Stafford.com
884,2019-08-31,1025,Kristin,Bennett,1971-01-29,500.81,192.0,Pennsylvania,13089,Mack-Bridges,IT,kristin.bennett@Mack.io
1754,2020-02-29,1049,Tyler,Jones,1949-12-23,503.17,211.0,California,90548,Cooper Inc,Education,tyler.jones@Cooper.edu
639,2020-03-31,1018,Jessica,White,1957-10-05,490.84,209.0,California,11485,Martinez Group,IT,jessica.white@Martinez.net
424,2020-04-30,1012,David,Wells,1977-09-20,492.5,198.0,Florida,13888,Adams-Rice,IT,david.wells@Adams.net
729,2018-09-30,1021,Joseph,Martin,1956-08-25,498.65,198.0,Texas,11352,Butler Group,Retail,joseph.martin@Butler.com
969,2020-09-30,1027,Mary,Wong,1989-07-22,503.18,201.0,Florida,13932,"Castillo, Ramirez and Mitchell",Oil and Gas,mary.wong@Castillo.net
1341,2018-09-30,1038,Ricky,Fowler,1988-12-10,500.34,201.0,Texas,95239,"Fisher, Webster and Garcia",Education,ricky.fowler@Fisher.edu
377,2019-05-31,1011,David,Chavez,1976-03-17,521.38,199.0,Texas,13706,Glenn-Vincent,Retail,david.chavez@Glenn.io
526,2019-10-31,1015,Jacqueline,Sanford,1959-08-25,507.13,196.0,New Yoke,11712,Smith Ltd,Retail,jacqueline.sanford@Smith.net
1680,2019-12-31,1047,Tonya,Bell,1969-05-15,518.62,206.0,New Yoke,92883,Brown-Spencer,IT,tonya.bell@Brown.com
440,2018-08-31,1013,Fred,Green,1963-01-19,517.9,200.0,California,12122,Roberts-Blankenship,Oil and Gas,fred.green@Roberts.net
1550,2018-02-28,1044,Theresa,Ortiz,1973-03-24,488.07,200.0,Pennsylvania,93347,Meyer-Miles,Financial,theresa.ortiz@Meyer.net
151,2018-07-31,1005,Brittany,Dean,1987-10-25,496.9,204.0,Florida,12093,"Scott, Howard and Vaughn",IT,brittany.dean@Scott.io
430,2021-05-01,200,Frank,Roland,1920-01-01,427.59,205.14,Florida,8701,Goody-goody,Food and Beverages,frank.roland@goody.com
1633,2019-01-31,1046,Tim,Beasley,1950-08-16,500.81,200.0,New Yoke,90626,Ross PLC,IT,tim.beasley@Ross.io
983,2018-11-30,1028,Mary,Rodriguez,1953-02-10,501.75,207.0,Texas,10926,Newton PLC,Education,mary.rodriguez@Newton.edu
956,2019-08-31,1027,Mary,Wong,1989-07-22,495.77,184.0,Florida,13932,"Castillo, Ramirez and Mitchell",Oil and Gas,mary.wong@Castillo.net
1623,2018-03-31,1046,Tim,Beasley,1950-08-16,490.68,207.0,New Yoke,90626,Ross PLC,IT,tim.beasley@Ross.io
1435,2020-07-31,1040,Sara,Ellis,1976-08-19,491.11,201.0,Florida,93757,Riley-Warren,Retail,sara.ellis@Riley.net
144,2020-12-31,1004,Brian,Young,1961-06-28,507.5,185.0,California,11934,Turner Ltd,Education,brian.young@Turner.edu
719,2020-11-30,1020,John,Bullock,1994-08-12,503.12,199.0,Florida,11239,"Parks, Miranda and Conway",IT,john.bullock@Parks.io
528,2019-12-31,1015,Jacqueline,Sanford,1959-08-25,493.95,186.0,New Yoke,11712,Smith Ltd,Retail,jacqueline.sanford@Smith.net
585,2018-09-30,1017,Jesse,Boyd,1980-12-11,511.61,217.0,,14277,"Perry, Turner and Diaz",Education,jesse.boyd@Perry.edu
977,2018-05-31,1028,Mary,Rodriguez,1953-02-10,473.36,202.0,Texas,10926,Newton PLC,Education,mary.rodriguez@Newton.edu
568,2020-04-30,1016,James,Ward,1970-01-10,501.07,192.0,Texas,12962,Harrison-Mitchell,Retail,james.ward@Harrison.net
1234,2018-10-31,1035,Natalie,Dunn,1982-10-06,500.8,193.0,Texas,14495,"Rogers, Anderson and Peterson",Retail,natalie.dunn@Rogers.io
442,2018-10-31,1013,Fred,Green,1963-01-19,483.16,205.0,California,12122,Roberts-Blankenship,Oil and Gas,fred.green@Roberts.net
1157,2018-05-31,1033,Michael,Hudson,1984-03-27,496.45,209.0,Pennsylvania,14673,"Jackson, Hall and Pittman",Oil and Gas,michael.hudson@Jackson.com
1406,2018-02-28,1040,Sara,Ellis,1976-08-19,500.83,208.0,Florida,93757,Riley-Warren,Retail,sara.ellis@Riley.net
175,2020-07-31,1005,Brittany,Dean,1987-10-25,500.44,197.0,Florida,12093,"Scott, Howard and Vaughn",IT,brittany.dean@Scott.io
1296,2020-12-31,1036,Rachel,Murphy,1967-10-17,496.41,205.0,California,12693,Brown-Smith,Education,rachel.murphy@Brown.edu
1433,2020-05-31,1040,Sara,Ellis,1976-08-19,496.51,197.0,Florida,93757,Riley-Warren,Retail,sara.ellis@Riley.net
1521,2018-09-30,1043,Taylor,Johnson,1948-01-19,503.55,208.0,Pennsylvania,90316,Mitchell and Sons,IT,taylor.johnson@Mitchell.com
124,2019-04-30,1004,Brian,Young,1961-06-28,519.67,203.0,California,11934,Turner Ltd,Education,brian.young@Turner.edu
139,2020-07-31,1004,Brian,Young,1961-06-28,508.02,203.0,California,11934,Turner Ltd,Education,brian.young@Turner.edu
881,2019-05-31,1025,Kristin,Bennett,1971-01-29,503.1,201.0,Pennsylvania,13089,Mack-Bridges,IT,kristin.bennett@Mack.io
1077,2020-09-30,1030,Melissa,Ryan,1982-02-09,511.75,203.0,Pennsylvania,14417,"Morton, Carr and Howell",Oil and Gas,melissa.ryan@Morton.com
734,2019-02-28,1021,Joseph,Martin,1956-08-25,494.0,193.0,Texas,11352,Butler Group,Retail,joseph.martin@Butler.com
626,2019-02-28,1018,Jessica,White,1957-10-05,501.9,198.0,California,11485,Martinez Group,IT,jessica.white@Martinez.net
1301,2018-05-31,1037,Renee,Fleming,1991-11-02,510.81,195.0,Florida,10751,"Franklin, Mcconnell and Ortega",IT,renee.fleming@Franklin.com
786,2020-06-30,1022,Karen,Mullen,1954-12-23,480.59,191.0,Pennsylvania,11150,Sanchez PLC,Oil and Gas,karen.mullen@Sanchez.com
1368,2020-12-31,1038,Ricky,Fowler,1988-12-10,502.69,202.0,Texas,95239,"Fisher, Webster and Garcia",Education,ricky.fowler@Fisher.edu
1282,2019-10-31,1036,Rachel,Murphy,1967-10-17,499.09,214.0,California,12693,Brown-Smith,Education,rachel.murphy@Brown.edu
183,2018-03-31,1006,Chad,Leon,1984-06-22,505.03,197.0,California,14701,"Short, Washington and Green",Education,chad.leon@Short.edu
619,2018-07-31,1018,Jessica,White,1957-10-05,508.16,203.0,California,11485,Martinez Group,IT,jessica.white@Martinez.net
1326,2020-06-30,1037,Renee,Fleming,1991-11-02,494.11,201.0,Florida,10751,"Franklin, Mcconnell and Ortega",IT,renee.fleming@Franklin.com
692,2018-08-31,1020,John,Bullock,1994-08-12,498.18,199.0,Florida,11239,"Parks, Miranda and Conway",IT,john.bullock@Parks.io
1576,2020-04-30,1044,Theresa,Ortiz,1973-03-24,496.53,205.0,Pennsylvania,93347,Meyer-Miles,Financial,theresa.ortiz@Meyer.net
241,2020-01-31,1007,Christopher,Nguyen,1967-06-18,495.02,191.0,Pennsylvania,12653,Gould-Foster,Retail,christopher.nguyen@Gould.io
1256,2020-08-31,1035,Natalie,Dunn,1982-10-06,488.6,189.0,Texas,14495,"Rogers, Anderson and Peterson",Retail,natalie.dunn@Rogers.io
1352,2019-08-31,1038,Ricky,Fowler,1988-12-10,502.37,200.0,Texas,95239,"Fisher, Webster and Garcia",Education,ricky.fowler@Fisher.edu
460,2020-04-30,1013,Fred,Green,1963-01-19,494.06,192.0,California,12122,Roberts-Blankenship,Oil and Gas,fred.green@Roberts.net
683,2020-11-30,1019,Joel,Byrd,1991-07-04,488.04,188.0,California,10355,"Williams, Woodard and Martinez",IT,joel.byrd@Williams.io
467,2020-11-30,1013,Fred,Green,1963-01-19,504.5,193.0,California,12122,Roberts-Blankenship,Oil and Gas,fred.green@Roberts.net
1189,2018-01-31,1034,Michele,Rice,1981-06-02,503.63,193.0,Texas,14334,"Kelly, Johnson and Perez",Oil and Gas,michele.rice@Kelly.net
1193,2018-05-31,1034,Michele,Rice,1981-06-02,499.88,205.0,Texas,14334,"Kelly, Johnson and Perez",Oil and Gas,michele.rice@Kelly.net
146,2018-02-28,1005,Brittany,Dean,1987-10-25,501.38,207.0,Florida,12093,"Scott, Howard and Vaughn",IT,brittany.dean@Scott.io
207,2020-03-31,1006,Chad,Leon,1984-06-22,483.49,205.0,California,14701,"Short, Washington and Green",Education,chad.leon@Short.edu
1214,2020-02-29,1034,Michele,Rice,1981-06-02,494.02,203.0,Texas,14334,"Kelly, Johnson and Perez",Oil and Gas,michele.rice@Kelly.net
1558,2018-10-31,1044,Theresa,Ortiz,1973-03-24,510.97,197.0,Pennsylvania,93347,Meyer-Miles,Financial,theresa.ortiz@Meyer.net
325,2018-01-31,1010,David,Duncan,1984-04-23,506.21,204.0,Texas,14681,"Johnson, Olson and Smith",Education,david.duncan@Johnson.edu
659,2018-11-30,1019,Joel,Byrd,1991-07-04,498.43,198.0,California,10355,"Williams, Woodard and Martinez",IT,joel.byrd@Williams.io
1645,2020-01-31,1046,Tim,Beasley,1950-08-16,518.3,196.0,New Yoke,90626,Ross PLC,IT,tim.beasley@Ross.io
716,2020-08-31,1020,John,Bullock,1994-08-12,514.98,199.0,Florida,11239,"Parks, Miranda and Conway",IT,john.bullock@Parks.io
1662,2018-06-30,1047,Tonya,Bell,1969-05-15,496.57,199.0,New Yoke,92883,Brown-Spencer,IT,tonya.bell@Brown.com
1705,2019-01-31,1048,Tyler,Kelley,1982-09-23,504.89,209.0,New Yoke,94491,"Stewart, Hawkins and Nichols",Retail,tyler.kelley@Stewart.com
80,2018-08-31,1003,Brenda,Young,1961-08-14,507.62,186.0,California,11950,Watkins and Sons,Retail,brenda.young@Watkins.net
1640,2019-08-31,1046,Tim,Beasley,1950-08-16,493.12,195.0,New Yoke,90626,Ross PLC,IT,tim.beasley@Ross.io
1625,2018-05-31,1046,Tim,Beasley,1950-08-16,502.11,204.0,New Yoke,90626,Ross PLC,IT,tim.beasley@Ross.io
689,2018-05-31,1020,John,Bullock,1994-08-12,507.51,187.0,Florida,11239,"Parks, Miranda and Conway",IT,john.bullock@Parks.io
167,2019-11-30,1005,Brittany,Dean,1987-10-25,509.86,202.0,Florida,12093,"Scott, Howard and Vaughn",IT,brittany.dean@Scott.io
230,2019-02-28,1007,Christopher,Nguyen,1967-06-18,497.97,206.0,Pennsylvania,12653,Gould-Foster,Retail,christopher.nguyen@Gould.io
1741,2019-01-31,1049,Tyler,Jones,1949-12-23,503.35,210.0,California,90548,Cooper Inc,Education,tyler.jones@Cooper.edu
1591,2018-07-31,1045,Tiffany,Nelson,1963-12-05,484.26,192.0,Florida,92228,Butler-Scott,Education,tiffany.nelson@Butler.edu
742,2019-10-31,1021,Joseph,Martin,1956-08-25,510.1,198.0,Texas,11352,Butler Group,Retail,joseph.martin@Butler.com
101,2020-05-31,1003,Brenda,Young,1961-08-14,495.53,208.0,California,11950,Watkins and Sons,Retail,brenda.young@Watkins.net
291,2018-03-31,1009,Darrell,Ford,1976-12-07,498.13,207.0,Pennsylvania,13793,Austin-Adams,Education,darrell.ford@Austin.edu
446,2019-02-28,1013,Fred,Green,1963-01-19,503.87,185.0,California,12122,Roberts-Blankenship,Oil and Gas,fred.green@Roberts.net
880,2019-04-30,1025,Kristin,Bennett,1971-01-29,507.78,199.0,Pennsylvania,13089,Mack-Bridges,IT,kristin.bennett@Mack.io
1457,2019-05-31,1041,Sarah,James,1971-05-10,514.01,195.0,New Yoke,93122,Cook-Riddle,Oil and Gas,sarah.james@Cook.net
1079,2020-11-30,1030,Melissa,Ryan,1982-02-09,480.12,198.0,Pennsylvania,14417,"Morton, Carr and Howell",Oil and Gas,melissa.ryan@Morton.com
741,2019-09-30,1021,Joseph,Martin,1956-08-25,500.72,205.0,Texas,11352,Butler Group,Retail,joseph.martin@Butler.com
392,2020-08-31,1011,David,Chavez,1976-03-17,517.68,207.0,Texas,13706,Glenn-Vincent,Retail,david.chavez@Glenn.io
87,2019-03-31,1003,Brenda,Young,1961-08-14,493.29,210.0,California,11950,Watkins and Sons,Retail,brenda.young@Watkins.net
1800,2020-12-31,1050,Vincent,Jimenez,1979-04-14,516.87,198.0,New Yoke,94076,Foley-Diaz,Oil and Gas,vincent.jimenez@Foley.com
668,2019-08-31,1019,Joel,Byrd,1991-07-04,513.47,192.0,California,10355,"Williams, Woodard and Martinez",IT,joel.byrd@Williams.io
1277,2019-05-31,1036,Rachel,Murphy,1967-10-17,516.23,202.0,California,12693,Brown-Smith,Education,rachel.murphy@Brown.edu
1525,2019-01-31,1043,Taylor,Johnson,1948-01-19,502.94,191.0,Pennsylvania,90316,Mitchell and Sons,IT,taylor.johnson@Mitchell.com
1620,2020-12-31,1045,Tiffany,Nelson,1963-12-05,496.82,202.0,Florida,92228,Butler-Scott,Education,tiffany.nelson@Butler.edu
477,2018-09-30,1014,Isaiah,Rodriguez,1952-09-11,480.48,187.0,Florida,10876,Gilbert Ltd,Retail,isaiah.rodriguez@Gilbert.com
1297,2018-01-31,1037,Renee,Fleming,1991-11-02,506.03,186.0,Florida,10751,"Franklin, Mcconnell and Ortega",IT,renee.fleming@Franklin.com
45,2018-09-30,1002,Ashley,Blanchard,1949-04-10,500.51,210.0,New Yoke,10464,Davis LLC,Education,ashley.blanchard@Davis.edu
790,2020-10-31,1022,Karen,Mullen,1954-12-23,508.62,194.0,Pennsylvania,11150,Sanchez PLC,Oil and Gas,karen.mullen@Sanchez.com
1004,2020-08-31,1028,Mary,Rodriguez,1953-02-10,496.76,202.0,Texas,10926,Newton PLC,Education,mary.rodriguez@Newton.edu
1139,2019-11-30,1032,Michael,Jones,1950-09-11,497.39,195.0,Florida,10635,House and Sons,Oil and Gas,michael.jones@House.com
25,2020-01-31,1001,Alexandra,Taylor,1954-07-27,509.01,198.0,Florida,32554,Carroll Inc,Financial,alexandra.taylor@Carroll.net
1237,2019-01-31,1035,Natalie,Dunn,1982-10-06,491.69,207.0,Texas,14495,"Rogers, Anderson and Peterson",Retail,natalie.dunn@Rogers.io
834,2018-06-30,1024,Kimberly,Joseph,1993-11-25,501.12,219.0,California,13137,"Reyes, Aguilar and Robinson",Education,kimberly.joseph@Reyes.edu
1195,2018-07-31,1034,Michele,Rice,1981-06-02,513.8,199.0,Texas,14334,"Kelly, Johnson and Perez",Oil and Gas,michele.rice@Kelly.net
593,2019-05-31,1017,Jesse,Boyd,1980-12-11,505.11,202.0,,14277,"Perry, Turner and Diaz",Education,jesse.boyd@Perry.edu
1774,2018-10-31,1050,Vincent,Jimenez,1979-04-14,505.54,188.0,New Yoke,94076,Foley-Diaz,Oil and Gas,vincent.jimenez@Foley.com
975,2018-03-31,1028,Mary,Rodriguez,1953-02-10,514.57,207.0,Texas,10926,Newton PLC,Education,mary.rodriguez@Newton.edu
1546,2020-10-31,1043,Taylor,Johnson,1948-01-19,489.77,195.0,Pennsylvania,90316,Mitchell and Sons,IT,taylor.johnson@Mitchell.com
1058,2019-02-28,1030,Melissa,Ryan,1982-02-09,516.41,201.0,Pennsylvania,14417,"Morton, Carr and Howell",Oil and Gas,melissa.ryan@Morton.com
110,2018-02-28,1004,Brian,Young,1961-06-28,500.33,196.0,California,11934,Turner Ltd,Education,brian.young@Turner.edu
1162,2018-10-31,1033,Michael,Hudson,1984-03-27,492.7,193.0,Pennsylvania,14673,"Jackson, Hall and Pittman",Oil and Gas,michael.hudson@Jackson.com
1356,2019-12-31,1038,Ricky,Fowler,1988-12-10,494.99,198.0,Texas,95239,"Fisher, Webster and Garcia",Education,ricky.fowler@Fisher.edu
223,2018-07-31,1007,Christopher,Nguyen,1967-06-18,515.59,201.0,Pennsylvania,12653,Gould-Foster,Retail,christopher.nguyen@Gould.io
1054,2018-10-31,1030,Melissa,Ryan,1982-02-09,494.11,196.0,Pennsylvania,14417,"Morton, Carr and Howell",Oil and Gas,melissa.ryan@Morton.com
1313,2019-05-31,1037,Renee,Fleming,1991-11-02,505.17,223.0,Florida,10751,"Franklin, Mcconnell and Ortega",IT,renee.fleming@Franklin.com
724,2018-04-30,1021,Joseph,Martin,1956-08-25,500.18,195.0,Texas,11352,Butler Group,Retail,joseph.martin@Butler.com
56,2019-08-31,1002,Ashley,Blanchard,1949-04-10,505.87,209.0,New Yoke,10464,Davis LLC,Education,ashley.blanchard@Davis.edu
1776,2018-12-31,1050,Vincent,Jimenez,1979-04-14,502.52,204.0,New Yoke,94076,Foley-Diaz,Oil and Gas,vincent.jimenez@Foley.com
254,2018-02-28,1008,Christopher,Perez,1960-11-07,519.38,201.0,Florida,11858,Wood Group,Oil and Gas,christopher.perez@Wood.io
1710,2019-06-30,1048,Tyler,Kelley,1982-09-23,520.06,200.0,New Yoke,94491,"Stewart, Hawkins and Nichols",Retail,tyler.kelley@Stewart.com
1074,2020-06-30,1030,Melissa,Ryan,1982-02-09,523.7,197.0,Pennsylvania,14417,"Morton, Carr and Howell",Oil and Gas,melissa.ryan@Morton.com
1494,2019-06-30,1042,Tammy,Fowler,1988-12-09,498.51,207.0,Florida,95239,"Rodriguez, Figueroa and Sanchez",Financial,tammy.fowler@Rodriguez.net
644,2020-08-31,1018,Jessica,White,1957-10-05,508.39,198.0,California,11485,Martinez Group,IT,jessica.white@Martinez.net
547,2018-07-31,1016,James,Ward,1970-01-10,497.24,202.0,Texas,12962,Harrison-Mitchell,Retail,james.ward@Harrison.net
479,2018-11-30,1014,Isaiah,Rodriguez,1952-09-11,504.51,201.0,Florida,10876,Gilbert Ltd,Retail,isaiah.rodriguez@Gilbert.com
951,2019-03-31,1027,Mary,Wong,1989-07-22,498.09,197.0,Florida,13932,"Castillo, Ramirez and Mitchell",Oil and Gas,mary.wong@Castillo.net
1573,2020-01-31,1044,Theresa,Ortiz,1973-03-24,506.83,215.0,Pennsylvania,93347,Meyer-Miles,Financial,theresa.ortiz@Meyer.net
845,2019-05-31,1024,Kimberly,Joseph,1993-11-25,506.06,195.0,California,13137,"Reyes, Aguilar and Robinson",Education,kimberly.joseph@Reyes.edu
64,2020-04-30,1002,Ashley,Blanchard,1949-04-10,497.02,202.0,New Yoke,10464,Davis LLC,Education,ashley.blanchard@Davis.edu
414,2019-06-30,1012,David,Wells,1977-09-20,499.39,195.0,Florida,13888,Adams-Rice,IT,david.wells@Adams.net
385,2020-01-31,1011,David,Chavez,1976-03-17,506.18,191.0,Texas,13706,Glenn-Vincent,Retail,david.chavez@Glenn.io
1700,2018-08-31,1048,Tyler,Kelley,1982-09-23,506.14,195.0,New Yoke,94491,"Stewart, Hawkins and Nichols",Retail,tyler.kelley@Stewart.com
976,2018-04-30,1028,Mary,Rodriguez,1953-02-10,503.17,208.0,Texas,10926,Newton PLC,Education,mary.rodriguez@Newton.edu
1348,2019-04-30,1038,Ricky,Fowler,1988-12-10,492.9,197.0,Texas,95239,"Fisher, Webster and Garcia",Education,ricky.fowler@Fisher.edu
886,2019-10-31,1025,Kristin,Bennett,1971-01-29,496.35,207.0,Pennsylvania,13089,Mack-Bridges,IT,kristin.bennett@Mack.io
453,2019-09-30,1013,Fred,Green,1963-01-19,506.74,199.0,California,12122,Roberts-Blankenship,Oil and Gas,fred.green@Roberts.net
1595,2018-11-30,1045,Tiffany,Nelson,1963-12-05,483.19,198.0,Florida,92228,Butler-Scott,Education,tiffany.nelson@Butler.edu
1260,2020-12-31,1035,Natalie,Dunn,1982-10-06,505.38,206.0,Texas,14495,"Rogers, Anderson and Peterson",Retail,natalie.dunn@Rogers.io
658,2018-10-31,1019,Joel,Byrd,1991-07-04,500.4,199.0,California,10355,"Williams, Woodard and Martinez",IT,joel.byrd@Williams.io
1583,2020-11-30,1044,Theresa,Ortiz,1973-03-24,501.45,197.0,Pennsylvania,93347,Meyer-Miles,Financial,theresa.ortiz@Meyer.net
1488,2018-12-31,1042,Tammy,Fowler,1988-12-09,511.15,198.0,Florida,95239,"Rodriguez, Figueroa and Sanchez",Financial,tammy.fowler@Rodriguez.net
1450,2018-10-31,1041,Sarah,James,1971-05-10,505.82,197.0,New Yoke,93122,Cook-Riddle,Oil and Gas,sarah.james@Cook.net
1487,2018-11-30,1042,Tammy,Fowler,1988-12-09,503.08,204.0,Florida,95239,"Rodriguez, Figueroa and Sanchez",Financial,tammy.fowler@Rodriguez.net
1329,2020-09-30,1037,Renee,Fleming,1991-11-02,503.18,194.0,Florida,10751,"Franklin, Mcconnell and Ortega",IT,renee.fleming@Franklin.com
370,2018-10-31,1011,David,Chavez,1976-03-17,503.24,192.0,Texas,13706,Glenn-Vincent,Retail,david.chavez@Glenn.io
691,2018-07-31,1020,John,Bullock,1994-08-12,490.73,197.0,Florida,11239,"Parks, Miranda and Conway",IT,john.bullock@Parks.io
220,2018-04-30,1007,Christopher,Nguyen,1967-06-18,501.29,194.0,Pennsylvania,12653,Gould-Foster,Retail,christopher.nguyen@Gould.io
1683,2020-03-31,1047,Tonya,Bell,1969-05-15,516.49,206.0,New Yoke,92883,Brown-Spencer,IT,tonya.bell@Brown.com
1322,2020-02-29,1037,Renee,Fleming,1991-11-02,486.89,203.0,Florida,10751,"Franklin, Mcconnell and Ortega",IT,renee.fleming@Franklin.com
22,2019-10-31,1001,Alexandra,Taylor,1954-07-27,511.45,199.0,Florida,32554,Carroll Inc,Financial,alexandra.taylor@Carroll.net
762,2018-06-30,1022,Karen,Mullen,1954-12-23,488.51,203.0,Pennsylvania,11150,Sanchez PLC,Oil and Gas,karen.mullen@Sanchez.com
871,2018-07-31,1025,Kristin,Bennett,1971-01-29,510.6,196.0,Pennsylvania,13089,Mack-Bridges,IT,kristin.bennett@Mack.io
421,2020-01-31,1012,David,Wells,1977-09-20,497.71,208.0,Florida,13888,Adams-Rice,IT,david.wells@Adams.net
1351,2019-07-31,1038,Ricky,Fowler,1988-12-10,516.88,192.0,Texas,95239,"Fisher, Webster and Garcia",Education,ricky.fowler@Fisher.edu
200,2019-08-31,1006,Chad,Leon,1984-06-22,510.44,198.0,California,14701,"Short, Washington and Green",Education,chad.leon@Short.edu
452,2019-08-31,1013,Fred,Green,1963-01-19,511.18,197.0,California,12122,Roberts-Blankenship,Oil and Gas,fred.green@Roberts.net
1163,2018-11-30,1033,Michael,Hudson,1984-03-27,493.83,202.0,Pennsylvania,14673,"Jackson, Hall and Pittman",Oil and Gas,michael.hudson@Jackson.com
1021,2019-01-31,1029,Melissa,Kelley,1982-09-22,496.43,213.0,Florida,14491,"Jones, George and Obrien",Retail,melissa.kelley@Jones.net
1562,2019-02-28,1044,Theresa,Ortiz,1973-03-24,514.03,191.0,Pennsylvania,93347,Meyer-Miles,Financial,theresa.ortiz@Meyer.net
913,2019-01-31,1026,Marcus,Burgess,1996-04-12,489.54,199.0,New Yoke,11661,"Knox, Keller and Reynolds",Financial,marcus.burgess@Knox.com
698,2019-02-28,1020,John,Bullock,1994-08-12,512.31,208.0,Florida,11239,"Parks, Miranda and Conway",IT,john.bullock@Parks.io
813,2019-09-30,1023,Kenneth,Buckley,1965-02-25,501.32,208.0,Florida,12375,Stafford-Miller,Oil and Gas,kenneth.buckley@Stafford.com
1238,2019-02-28,1035,Natalie,Dunn,1982-10-06,494.36,212.0,Texas,14495,"Rogers, Anderson and Peterson",Retail,natalie.dunn@Rogers.io
1766,2018-02-28,1050,Vincent,Jimenez,1979-04-14,509.64,196.0,New Yoke,94076,Foley-Diaz,Oil and Gas,vincent.jimenez@Foley.com
912,2018-12-31,1026,Marcus,Burgess,1996-04-12,510.7,204.0,New Yoke,11661,"Knox, Keller and Reynolds",Financial,marcus.burgess@Knox.com
1523,2018-11-30,1043,Taylor,Johnson,1948-01-19,508.01,196.0,Pennsylvania,90316,Mitchell and Sons,IT,taylor.johnson@Mitchell.com
1051,2018-07-31,1030,Melissa,Ryan,1982-02-09,489.69,196.0,Pennsylvania,14417,"Morton, Carr and Howell",Oil and Gas,melissa.ryan@Morton.com
507,2018-03-31,1015,Jacqueline,Sanford,1959-08-25,494.36,193.0,New Yoke,11712,Smith Ltd,Retail,jacqueline.sanford@Smith.net
1630,2018-10-31,1046,Tim,Beasley,1950-08-16,490.01,210.0,New Yoke,90626,Ross PLC,IT,tim.beasley@Ross.io
1257,2020-09-30,1035,Natalie,Dunn,1982-10-06,514.96,212.0,Texas,14495,"Rogers, Anderson and Peterson",Retail,natalie.dunn@Rogers.io
406,2018-10-31,1012,David,Wells,1977-09-20,500.86,185.0,Florida,13888,Adams-Rice,IT,david.wells@Adams.net
1594,2018-10-31,1045,Tiffany,Nelson,1963-12-05,509.53,196.0,Florida,92228,Butler-Scott,Education,tiffany.nelson@Butler.edu
318,2020-06-30,1009,Darrell,Ford,1976-12-07,499.49,195.0,Pennsylvania,13793,Austin-Adams,Education,darrell.ford@Austin.edu
184,2018-04-30,1006,Chad,Leon,1984-06-22,512.93,204.0,California,14701,"Short, Washington and Green",Education,chad.leon@Short.edu
1122,2018-06-30,1032,Michael,Jones,1950-09-11,511.43,193.0,Florida,10635,House and Sons,Oil and Gas,michael.jones@House.com
1668,2018-12-31,1047,Tonya,Bell,1969-05-15,516.31,196.0,New Yoke,92883,Brown-Spencer,IT,tonya.bell@Brown.com
611,2020-11-30,1017,Jesse,Boyd,1980-12-11,503.37,192.0,,14277,"Perry, Turner and Diaz",Education,jesse.boyd@Perry.edu
628,2019-04-30,1018,Jessica,White,1957-10-05,498.98,206.0,California,11485,Martinez Group,IT,jessica.white@Martinez.net
487,2019-07-31,1014,Isaiah,Rodriguez,1952-09-11,511.98,194.0,Florida,10876,Gilbert Ltd,Retail,isaiah.rodriguez@Gilbert.com
279,2020-03-31,1008,Christopher,Perez,1960-11-07,497.46,205.0,Florida,11858,Wood Group,Oil and Gas,christopher.perez@Wood.io
632,2019-08-31,1018,Jessica,White,1957-10-05,507.25,209.0,California,11485,Martinez Group,IT,jessica.white@Martinez.net
21,2019-09-30,1001,Alexandra,Taylor,1954-07-27,488.99,194.0,Florida,32554,Carroll Inc,Financial,alexandra.taylor@Carroll.net
171,2020-03-31,1005,Brittany,Dean,1987-10-25,493.53,211.0,Florida,12093,"Scott, Howard and Vaughn",IT,brittany.dean@Scott.io
1427,2019-11-30,1040,Sara,Ellis,1976-08-19,521.68,197.0,Florida,93757,Riley-Warren,Retail,sara.ellis@Riley.net
903,2018-03-31,1026,Marcus,Burgess,1996-04-12,506.12,203.0,New Yoke,11661,"Knox, Keller and Reynolds",Financial,marcus.burgess@Knox.com
1041,2020-09-30,1029,Melissa,Kelley,1982-09-22,478.19,221.0,Florida,14491,"Jones, George and Obrien",Retail,melissa.kelley@Jones.net
1592,2018-08-31,1045,Tiffany,Nelson,1963-12-05,501.01,206.0,Florida,92228,Butler-Scott,Education,tiffany.nelson@Butler.edu
177,2020-09-30,1005,Brittany,Dean,1987-10-25,513.31,203.0,Florida,12093,"Scott, Howard and Vaughn",IT,brittany.dean@Scott.io
328,2018-04-30,1010,David,Duncan,1984-04-23,511.93,201.0,Texas,14681,"Johnson, Olson and Smith",Education,david.duncan@Johnson.edu
708,2019-12-31,1020,John,Bullock,1994-08-12,513.03,205.0,Florida,11239,"Parks, Miranda and Conway",IT,john.bullock@Parks.io
1224,2020-12-31,1034,Michele,Rice,1981-06-02,502.65,207.0,Texas,14334,"Kelly, Johnson and Perez",Oil and Gas,michele.rice@Kelly.net
472,2018-04-30,1014,Isaiah,Rodriguez,1952-09-11,498.81,202.0,Florida,10876,Gilbert Ltd,Retail,isaiah.rodriguez@Gilbert.com
1657,2018-01-31,1047,Tonya,Bell,1969-05-15,491.9,202.0,New Yoke,92883,Brown-Spencer,IT,tonya.bell@Brown.com
267,2019-03-31,1008,Christopher,Perez,1960-11-07,502.85,200.0,Florida,11858,Wood Group,Oil and Gas,christopher.perez@Wood.io
617,2018-05-31,1018,Jessica,White,1957-10-05,512.25,200.0,California,11485,Martinez Group,IT,jessica.white@Martinez.net
1518,2018-06-30,1043,Taylor,Johnson,1948-01-19,495.52,199.0,Pennsylvania,90316,Mitchell and Sons,IT,taylor.johnson@Mitchell.com
131,2019-11-30,1004,Brian,Young,1961-06-28,498.19,199.0,California,11934,Turner Ltd,Education,brian.young@Turner.edu
867,2018-03-31,1025,Kristin,Bennett,1971-01-29,502.66,203.0,Pennsylvania,13089,Mack-Bridges,IT,kristin.bennett@Mack.io
1734,2018-06-30,1049,Tyler,Jones,1949-12-23,496.32,214.0,California,90548,Cooper Inc,Education,tyler.jones@Cooper.edu
1364,2020-08-31,1038,Ricky,Fowler,1988-12-10,509.17,203.0,Texas,95239,"Fisher, Webster and Garcia",Education,ricky.fowler@Fisher.edu
1664,2018-08-31,1047,Tonya,Bell,1969-05-15,507.39,197.0,New Yoke,92883,Brown-Spencer,IT,tonya.bell@Brown.com
491,2019-11-30,1014,Isaiah,Rodriguez,1952-09-11,498.95,187.0,Florida,10876,Gilbert Ltd,Retail,isaiah.rodriguez@Gilbert.com
1598,2019-02-28,1045,Tiffany,Nelson,1963-12-05,491.97,196.0,Florida,92228,Butler-Scott,Education,tiffany.nelson@Butler.edu
608,2020-08-31,1017,Jesse,Boyd,1980-12-11,499.31,205.0,,14277,"Perry, Turner and Diaz",Education,jesse.boyd@Perry.edu
1219,2020-07-31,1034,Michele,Rice,1981-06-02,508.76,198.0,Texas,14334,"Kelly, Johnson and Perez",Oil and Gas,michele.rice@Kelly.net
1166,2019-02-28,1033,Michael,Hudson,1984-03-27,486.41,203.0,Pennsylvania,14673,"Jackson, Hall and Pittman",Oil and Gas,michael.hudson@Jackson.com
417,2019-09-30,1012,David,Wells,1977-09-20,492.22,204.0,Florida,13888,Adams-Rice,IT,david.wells@Adams.net
1502,2020-02-29,1042,Tammy,Fowler,1988-12-09,496.88,200.0,Florida,95239,"Rodriguez, Figueroa and Sanchez",Financial,tammy.fowler@Rodriguez.net
153,2018-09-30,1005,Brittany,Dean,1987-10-25,510.39,198.0,Florida,12093,"Scott, Howard and Vaughn",IT,brittany.dean@Scott.io
891,2020-03-31,1025,Kristin,Bennett,1971-01-29,503.99,200.0,Pennsylvania,13089,Mack-Bridges,IT,kristin.bennett@Mack.io
851,2019-11-30,1024,Kimberly,Joseph,1993-11-25,505.25,207.0,California,13137,"Reyes, Aguilar and Robinson",Education,kimberly.joseph@Reyes.edu
280,2020-04-30,1008,Christopher,Perez,1960-11-07,514.0,197.0,Florida,11858,Wood Group,Oil and Gas,christopher.perez@Wood.io
1036,2020-04-30,1029,Melissa,Kelley,1982-09-22,501.94,202.0,Florida,14491,"Jones, George and Obrien",Retail,melissa.kelley@Jones.net
270,2019-06-30,1008,Christopher,Perez,1960-11-07,492.67,190.0,Florida,11858,Wood Group,Oil and Gas,christopher.perez@Wood.io
97,2020-01-31,1003,Brenda,Young,1961-08-14,496.56,203.0,California,11950,Watkins and Sons,Retail,brenda.young@Watkins.net
211,2020-07-31,1006,Chad,Leon,1984-06-22,496.74,187.0,California,14701,"Short, Washington and Green",Education,chad.leon@Short.edu
1534,2019-10-31,1043,Taylor,Johnson,1948-01-19,481.85,188.0,Pennsylvania,90316,Mitchell and Sons,IT,taylor.johnson@Mitchell.com
571,2020-07-31,1016,James,Ward,1970-01-10,495.4,200.0,Texas,12962,Harrison-Mitchell,Retail,james.ward@Harrison.net
1742,2019-02-28,1049,Tyler,Jones,1949-12-23,517.02,194.0,California,90548,Cooper Inc,Education,tyler.jones@Cooper.edu
873,2018-09-30,1025,Kristin,Bennett,1971-01-29,516.57,198.0,Pennsylvania,13089,Mack-Bridges,IT,kristin.bennett@Mack.io
1574,2020-02-29,1044,Theresa,Ortiz,1973-03-24,506.09,193.0,Pennsylvania,93347,Meyer-Miles,Financial,theresa.ortiz@Meyer.net
1568,2019-08-31,1044,Theresa,Ortiz,1973-03-24,506.27,201.0,Pennsylvania,93347,Meyer-Miles,Financial,theresa.ortiz@Meyer.net
534,2020-06-30,1015,Jacqueline,Sanford,1959-08-25,503.83,198.0,New Yoke,11712,Smith Ltd,Retail,jacqueline.sanford@Smith.net
1739,2018-11-30,1049,Tyler,Jones,1949-12-23,493.01,195.0,California,90548,Cooper Inc,Education,tyler.jones@Cooper.edu
1358,2020-02-29,1038,Ricky,Fowler,1988-12-10,504.26,197.0,Texas,95239,"Fisher, Webster and Garcia",Education,ricky.fowler@Fisher.edu
1101,2019-09-30,1031,Melissa,Smith,1946-04-06,498.67,193.0,California,10101,Harrison Group,Education,melissa.smith@Harrison.edu
714,2020-06-30,1020,John,Bullock,1994-08-12,501.12,183.0,Florida,11239,"Parks, Miranda and Conway",IT,john.bullock@Parks.io
78,2018-06-30,1003,Brenda,Young,1961-08-14,508.28,199.0,California,11950,Watkins and Sons,Retail,brenda.young@Watkins.net
264,2018-12-31,1008,Christopher,Perez,1960-11-07,496.26,194.0,Florida,11858,Wood Group,Oil and Gas,christopher.perez@Wood.io
1796,2020-08-31,1050,Vincent,Jimenez,1979-04-14,508.34,207.0,New Yoke,94076,Foley-Diaz,Oil and Gas,vincent.jimenez@Foley.com
150,2018-06-30,1005,Brittany,Dean,1987-10-25,506.83,205.0,Florida,12093,"Scott, Howard and Vaughn",IT,brittany.dean@Scott.io
1738,2018-10-31,1049,Tyler,Jones,1949-12-23,500.48,191.0,California,90548,Cooper Inc,Education,tyler.jones@Cooper.edu
1540,2020-04-30,1043,Taylor,Johnson,1948-01-19,515.76,199.0,Pennsylvania,90316,Mitchell and Sons,IT,taylor.johnson@Mitchell.com
1746,2019-06-30,1049,Tyler,Jones,1949-12-23,492.59,194.0,California,90548,Cooper Inc,Education,tyler.jones@Cooper.edu
471,2018-03-31,1014,Isaiah,Rodriguez,1952-09-11,507.77,194.0,Florida,10876,Gilbert Ltd,Retail,isaiah.rodriguez@Gilbert.com
566,2020-02-29,1016,James,Ward,1970-01-10,539.59,211.0,Texas,12962,Harrison-Mitchell,Retail,james.ward@Harrison.net
463,2020-07-31,1013,Fred,Green,1963-01-19,510.45,208.0,California,12122,Roberts-Blankenship,Oil and Gas,fred.green@Roberts.net
1279,2019-07-31,1036,Rachel,Murphy,1967-10-17,508.89,202.0,California,12693,Brown-Smith,Education,rachel.murphy@Brown.edu
898,2020-10-31,1025,Kristin,Bennett,1971-01-29,485.42,190.0,Pennsylvania,13089,Mack-Bridges,IT,kristin.bennett@Mack.io
1395,2020-03-31,1039,Samantha,Clark,1959-09-15,527.12,205.0,Texas,91720,Green Inc,Retail,samantha.clark@Green.net
1347,2019-03-31,1038,Ricky,Fowler,1988-12-10,492.04,206.0,Texas,95239,"Fisher, Webster and Garcia",Education,ricky.fowler@Fisher.edu
697,2019-01-31,1020,John,Bullock,1994-08-12,510.19,200.0,Florida,11239,"Parks, Miranda and Conway",IT,john.bullock@Parks.io
1177,2020-01-31,1033,Michael,Hudson,1984-03-27,490.11,203.0,Pennsylvania,14673,"Jackson, Hall and Pittman",Oil and Gas,michael.hudson@Jackson.com
930,2020-06-30,1026,Marcus,Burgess,1996-04-12,495.21,202.0,New Yoke,11661,"Knox, Keller and Reynolds",Financial,marcus.burgess@Knox.com
1328,2020-08-31,1037,Renee,Fleming,1991-11-02,508.58,210.0,Florida,10751,"Franklin, Mcconnell and Ortega",IT,renee.fleming@Franklin.com
1216,2020-04-30,1034,Michele,Rice,1981-06-02,493.76,195.0,Texas,14334,"Kelly, Johnson and Perez",Oil and Gas,michele.rice@Kelly.net
588,2018-12-31,1017,Jesse,Boyd,1980-12-11,492.25,203.0,,14277,"Perry, Turner and Diaz",Education,jesse.boyd@Perry.edu
1374,2018-06-30,1039,Samantha,Clark,1959-09-15,484.55,202.0,Texas,91720,Green Inc,Retail,samantha.clark@Green.net
244,2020-04-30,1007,Christopher,Nguyen,1967-06-18,486.03,198.0,Pennsylvania,12653,Gould-Foster,Retail,christopher.nguyen@Gould.io
1113,2020-09-30,1031,Melissa,Smith,1946-04-06,504.6,206.0,California,10101,Harrison Group,Education,melissa.smith@Harrison.edu
753,2020-09-30,1021,Joseph,Martin,1956-08-25,512.94,199.0,Texas,11352,Butler Group,Retail,joseph.martin@Butler.com
1681,2020-01-31,1047,Tonya,Bell,1969-05-15,491.4,203.0,New Yoke,92883,Brown-Spencer,IT,tonya.bell@Brown.com
1719,2020-03-31,1048,Tyler,Kelley,1982-09-23,502.09,196.0,New Yoke,94491,"Stewart, Hawkins and Nichols",Retail,tyler.kelley@Stewart.com
1444,2018-04-30,1041,Sarah,James,1971-05-10,505.15,195.0,New Yoke,93122,Cook-Riddle,Oil and Gas,sarah.james@Cook.net
1314,2019-06-30,1037,Renee,Fleming,1991-11-02,497.43,190.0,Florida,10751,"Franklin, Mcconnell and Ortega",IT,renee.fleming@Franklin.com
650,2018-02-28,1019,Joel,Byrd,1991-07-04,498.34,212.0,California,10355,"Williams, Woodard and Martinez",IT,joel.byrd@Williams.io
1192,2018-04-30,1034,Michele,Rice,1981-06-02,518.98,198.0,Texas,14334,"Kelly, Johnson and Perez",Oil and Gas,michele.rice@Kelly.net
597,2019-09-30,1017,Jesse,Boyd,1980-12-11,506.62,196.0,,14277,"Perry, Turner and Diaz",Education,jesse.boyd@Perry.edu
314,2020-02-29,1009,Darrell,Ford,1976-12-07,493.39,203.0,Pennsylvania,13793,Austin-Adams,Education,darrell.ford@Austin.edu
935,2020-11-30,1026,Marcus,Burgess,1996-04-12,497.73,193.0,New Yoke,11661,"Knox, Keller and Reynolds",Financial,marcus.burgess@Knox.com
156,2018-12-31,1005,Brittany,Dean,1987-10-25,499.0,203.0,Florida,12093,"Scott, Howard and Vaughn",IT,brittany.dean@Scott.io
1382,2019-02-28,1039,Samantha,Clark,1959-09-15,491.99,196.0,Texas,91720,Green Inc,Retail,samantha.clark@Green.net
1407,2018-03-31,1040,Sara,Ellis,1976-08-19,495.75,191.0,Florida,93757,Riley-Warren,Retail,sara.ellis@Riley.net
1305,2018-09-30,1037,Renee,Fleming,1991-11-02,506.39,199.0,Florida,10751,"Franklin, Mcconnell and Ortega",IT,renee.fleming@Franklin.com
1152,2020-12-31,1032,Michael,Jones,1950-09-11,495.25,210.0,Florida,10635,House and Sons,Oil and Gas,michael.jones@House.com
1001,2020-05-31,1028,Mary,Rodriguez,1953-02-10,498.47,201.0,Texas,10926,Newton PLC,Education,mary.rodriguez@Newton.edu
1048,2018-04-30,1030,Melissa,Ryan,1982-02-09,511.75,211.0,Pennsylvania,14417,"Morton, Carr and Howell",Oil and Gas,melissa.ryan@Morton.com
1642,2019-10-31,1046,Tim,Beasley,1950-08-16,510.77,210.0,New Yoke,90626,Ross PLC,IT,tim.beasley@Ross.io
1691,2020-11-30,1047,Tonya,Bell,1969-05-15,514.93,205.0,New Yoke,92883,Brown-Spencer,IT,tonya.bell@Brown.com
1308,2018-12-31,1037,Renee,Fleming,1991-11-02,512.18,215.0,Florida,10751,"Franklin, Mcconnell and Ortega",IT,renee.fleming@Franklin.com
1497,2019-09-30,1042,Tammy,Fowler,1988-12-09,493.67,195.0,Florida,95239,"Rodriguez, Figueroa and Sanchez",Financial,tammy.fowler@Rodriguez.net
1393,2020-01-31,1039,Samantha,Clark,1959-09-15,494.44,199.0,Texas,91720,Green Inc,Retail,samantha.clark@Green.net
26,2020-02-29,1001,Alexandra,Taylor,1954-07-27,493.16,198.0,Florida,32554,Carroll Inc,Financial,alexandra.taylor@Carroll.net
197,2019-05-31,1006,Chad,Leon,1984-06-22,506.02,201.0,California,14701,"Short, Washington and Green",Education,chad.leon@Short.edu
1090,2018-10-31,1031,Melissa,Smith,1946-04-06,482.37,191.0,California,10101,Harrison Group,Education,melissa.smith@Harrison.edu
16,2019-04-30,1001,Alexandra,Taylor,1954-07-27,489.0,196.0,Florida,32554,Carroll Inc,Financial,alexandra.taylor@Carroll.net
1492,2019-04-30,1042,Tammy,Fowler,1988-12-09,520.05,191.0,Florida,95239,"Rodriguez, Figueroa and Sanchez",Financial,tammy.fowler@Rodriguez.net
1323,2020-03-31,1037,Renee,Fleming,1991-11-02,510.04,204.0,Florida,10751,"Franklin, Mcconnell and Ortega",IT,renee.fleming@Franklin.com
885,2019-09-30,1025,Kristin,Bennett,1971-01-29,492.32,205.0,Pennsylvania,13089,Mack-Bridges,IT,kristin.bennett@Mack.io
623,2018-11-30,1018,Jessica,White,1957-10-05,511.67,206.0,California,11485,Martinez Group,IT,jessica.white@Martinez.net
1362,2020-06-30,1038,Ricky,Fowler,1988-12-10,497.6,206.0,Texas,95239,"Fisher, Webster and Garcia",Education,ricky.fowler@Fisher.edu
1052,2018-08-31,1030,Melissa,Ryan,1982-02-09,497.28,188.0,Pennsylvania,14417,"Morton, Carr and Howell",Oil and Gas,melissa.ryan@Morton.com
1614,2020-06-30,1045,Tiffany,Nelson,1963-12-05,497.45,200.0,Florida,92228,Butler-Scott,Education,tiffany.nelson@Butler.edu
1069,2020-01-31,1030,Melissa,Ryan,1982-02-09,497.59,194.0,Pennsylvania,14417,"Morton, Carr and Howell",Oil and Gas,melissa.ryan@Morton.com
499,2020-07-31,1014,Isaiah,Rodriguez,1952-09-11,488.92,203.0,Florida,10876,Gilbert Ltd,Retail,isaiah.rodriguez@Gilbert.com
794,2018-02-28,1023,Kenneth,Buckley,1965-02-25,500.49,204.0,Florida,12375,Stafford-Miller,Oil and Gas,kenneth.buckley@Stafford.com
966,2020-06-30,1027,Mary,Wong,1989-07-22,500.74,203.0,Florida,13932,"Castillo, Ramirez and Mitchell",Oil and Gas,mary.wong@Castillo.net
517,2019-01-31,1015,Jacqueline,Sanford,1959-08-25,491.91,192.0,New Yoke,11712,Smith Ltd,Retail,jacqueline.sanford@Smith.net
1760,2020-08-31,1049,Tyler,Jones,1949-12-23,486.0,208.0,California,90548,Cooper Inc,Education,tyler.jones@Cooper.edu
1587,2018-03-31,1045,Tiffany,Nelson,1963-12-05,509.54,198.0,Florida,92228,Butler-Scott,Education,tiffany.nelson@Butler.edu
1480,2018-04-30,1042,Tammy,Fowler,1988-12-09,491.96,189.0,Florida,95239,"Rodriguez, Figueroa and Sanchez",Financial,tammy.fowler@Rodriguez.net
1413,2018-09-30,1040,Sara,Ellis,1976-08-19,508.94,198.0,Florida,93757,Riley-Warren,Retail,sara.ellis@Riley.net
1097,2019-05-31,1031,Melissa,Smith,1946-04-06,500.96,196.0,California,10101,Harrison Group,Education,melissa.smith@Harrison.edu
544,2018-04-30,1016,James,Ward,1970-01-10,510.14,195.0,Texas,12962,Harrison-Mitchell,Retail,james.ward@Harrison.net
458,2020-02-29,1013,Fred,Green,1963-01-19,507.22,193.0,California,12122,Roberts-Blankenship,Oil and Gas,fred.green@Roberts.net
635,2019-11-30,1018,Jessica,White,1957-10-05,498.2,197.0,California,11485,Martinez Group,IT,jessica.white@Martinez.net
433,2018-01-31,1013,Fred,Green,1963-01-19,508.41,200.0,California,12122,Roberts-Blankenship,Oil and Gas,fred.green@Roberts.net
629,2019-05-31,1018,Jessica,White,1957-10-05,507.43,205.0,California,11485,Martinez Group,IT,jessica.white@Martinez.net
1679,2019-11-30,1047,Tonya,Bell,1969-05-15,483.82,205.0,New Yoke,92883,Brown-Spencer,IT,tonya.bell@Brown.com
730,2018-10-31,1021,Joseph,Martin,1956-08-25,510.49,200.0,Texas,11352,Butler Group,Retail,joseph.martin@Butler.com
1290,2020-06-30,1036,Rachel,Murphy,1967-10-17,509.99,211.0,California,12693,Brown-Smith,Education,rachel.murphy@Brown.edu
210,2020-06-30,1006,Chad,Leon,1984-06-22,519.56,199.0,California,14701,"Short, Washington and Green",Education,chad.leon@Short.edu
317,2020-05-31,1009,Darrell,Ford,1976-12-07,506.55,198.0,Pennsylvania,13793,Austin-Adams,Education,darrell.ford@Austin.edu
515,2018-11-30,1015,Jacqueline,Sanford,1959-08-25,506.93,188.0,New Yoke,11712,Smith Ltd,Retail,jacqueline.sanford@Smith.net
1339,2018-07-31,1038,Ricky,Fowler,1988-12-10,501.27,199.0,Texas,95239,"Fisher, Webster and Garcia",Education,ricky.fowler@Fisher.edu
1560,2018-12-31,1044,Theresa,Ortiz,1973-03-24,504.27,189.0,Pennsylvania,93347,Meyer-Miles,Financial,theresa.ortiz@Meyer.net
831,2018-03-31,1024,Kimberly,Joseph,1993-11-25,501.47,190.0,California,13137,"Reyes, Aguilar and Robinson",Education,kimberly.joseph@Reyes.edu
320,2020-08-31,1009,Darrell,Ford,1976-12-07,491.32,190.0,Pennsylvania,13793,Austin-Adams,Education,darrell.ford@Austin.edu
1033,2020-01-31,1029,Melissa,Kelley,1982-09-22,511.77,211.0,Florida,14491,"Jones, George and Obrien",Retail,melissa.kelley@Jones.net
1419,2019-03-31,1040,Sara,Ellis,1976-08-19,521.5,195.0,Florida,93757,Riley-Warren,Retail,sara.ellis@Riley.net
142,2020-10-31,1004,Brian,Young,1961-06-28,498.98,198.0,California,11934,Turner Ltd,Education,brian.young@Turner.edu
1112,2020-08-31,1031,Melissa,Smith,1946-04-06,510.51,195.0,California,10101,Harrison Group,Education,melissa.smith@Harrison.edu
1504,2020-04-30,1042,Tammy,Fowler,1988-12-09,518.63,207.0,Florida,95239,"Rodriguez, Figueroa and Sanchez",Financial,tammy.fowler@Rodriguez.net
1529,2019-05-31,1043,Taylor,Johnson,1948-01-19,493.4,198.0,Pennsylvania,90316,Mitchell and Sons,IT,taylor.johnson@Mitchell.com
755,2020-11-30,1021,Joseph,Martin,1956-08-25,505.9,191.0,Texas,11352,Butler Group,Retail,joseph.martin@Butler.com
1003,2020-07-31,1028,Mary,Rodriguez,1953-02-10,505.08,196.0,Texas,10926,Newton PLC,Education,mary.rodriguez@Newton.edu
1241,2019-05-31,1035,Natalie,Dunn,1982-10-06,502.08,190.0,Texas,14495,"Rogers, Anderson and Peterson",Retail,natalie.dunn@Rogers.io
582,2018-06-30,1017,Jesse,Boyd,1980-12-11,493.71,197.0,,14277,"Perry, Turner and Diaz",Education,jesse.boyd@Perry.edu
564,2019-12-31,1016,James,Ward,1970-01-10,505.48,196.0,Texas,12962,Harrison-Mitchell,Retail,james.ward@Harrison.net
399,2018-03-31,1012,David,Wells,1977-09-20,499.65,199.0,Florida,13888,Adams-Rice,IT,david.wells@Adams.net
670,2019-10-31,1019,Joel,Byrd,1991-07-04,503.17,200.0,California,10355,"Williams, Woodard and Martinez",IT,joel.byrd@Williams.io
1516,2018-04-30,1043,Taylor,Johnson,1948-01-19,501.32,189.0,Pennsylvania,90316,Mitchell and Sons,IT,taylor.johnson@Mitchell.com
253,2018-01-31,1008,Christopher,Perez,1960-11-07,472.07,200.0,Florida,11858,Wood Group,Oil and Gas,christopher.perez@Wood.io
909,2018-09-30,1026,Marcus,Burgess,1996-04-12,518.04,194.0,New Yoke,11661,"Knox, Keller and Reynolds",Financial,marcus.burgess@Knox.com
470,2018-02-28,1014,Isaiah,Rodriguez,1952-09-11,494.92,207.0,Florida,10876,Gilbert Ltd,Retail,isaiah.rodriguez@Gilbert.com
916,2019-04-30,1026,Marcus,Burgess,1996-04-12,507.01,194.0,New Yoke,11661,"Knox, Keller and Reynolds",Financial,marcus.burgess@Knox.com
358,2020-10-31,1010,David,Duncan,1984-04-23,498.1,202.0,Texas,14681,"Johnson, Olson and Smith",Education,david.duncan@Johnson.edu
1280,2019-08-31,1036,Rachel,Murphy,1967-10-17,518.25,192.0,California,12693,Brown-Smith,Education,rachel.murphy@Brown.edu
1302,2018-06-30,1037,Renee,Fleming,1991-11-02,517.24,204.0,Florida,10751,"Franklin, Mcconnell and Ortega",IT,renee.fleming@Franklin.com
1204,2019-04-30,1034,Michele,Rice,1981-06-02,499.14,190.0,Texas,14334,"Kelly, Johnson and Perez",Oil and Gas,michele.rice@Kelly.net
1307,2018-11-30,1037,Renee,Fleming,1991-11-02,490.33,202.0,Florida,10751,"Franklin, Mcconnell and Ortega",IT,renee.fleming@Franklin.com
1416,2018-12-31,1040,Sara,Ellis,1976-08-19,493.85,186.0,Florida,93757,Riley-Warren,Retail,sara.ellis@Riley.net
510,2018-06-30,1015,Jacqueline,Sanford,1959-08-25,505.56,186.0,New Yoke,11712,Smith Ltd,Retail,jacqueline.sanford@Smith.net
751,2020-07-31,1021,Joseph,Martin,1956-08-25,515.37,200.0,Texas,11352,Butler Group,Retail,joseph.martin@Butler.com
1609,2020-01-31,1045,Tiffany,Nelson,1963-12-05,493.77,198.0,Florida,92228,Butler-Scott,Education,tiffany.nelson@Butler.edu
130,2019-10-31,1004,Brian,Young,1961-06-28,508.63,188.0,California,11934,Turner Ltd,Education,brian.young@Turner.edu
145,2018-01-31,1005,Brittany,Dean,1987-10-25,505.29,223.0,Florida,12093,"Scott, Howard and Vaughn",IT,brittany.dean@Scott.io
962,2020-02-29,1027,Mary,Wong,1989-07-22,505.28,200.0,Florida,13932,"Castillo, Ramirez and Mitchell",Oil and Gas,mary.wong@Castillo.net
849,2019-09-30,1024,Kimberly,Joseph,1993-11-25,497.85,200.0,California,13137,"Reyes, Aguilar and Robinson",Education,kimberly.joseph@Reyes.edu
1671,2019-03-31,1047,Tonya,Bell,1969-05-15,498.09,208.0,New Yoke,92883,Brown-Spencer,IT,tonya.bell@Brown.com
717,2020-09-30,1020,John,Bullock,1994-08-12,496.99,215.0,Florida,11239,"Parks, Miranda and Conway",IT,john.bullock@Parks.io
907,2018-07-31,1026,Marcus,Burgess,1996-04-12,519.24,205.0,New Yoke,11661,"Knox, Keller and Reynolds",Financial,marcus.burgess@Knox.com
1793,2020-05-31,1050,Vincent,Jimenez,1979-04-14,508.74,215.0,New Yoke,94076,Foley-Diaz,Oil and Gas,vincent.jimenez@Foley.com
1098,2019-06-30,1031,Melissa,Smith,1946-04-06,501.52,201.0,California,10101,Harrison Group,Education,melissa.smith@Harrison.edu
236,2019-08-31,1007,Christopher,Nguyen,1967-06-18,487.67,197.0,Pennsylvania,12653,Gould-Foster,Retail,christopher.nguyen@Gould.io
1063,2019-07-31,1030,Melissa,Ryan,1982-02-09,497.45,205.0,Pennsylvania,14417,"Morton, Carr and Howell",Oil and Gas,melissa.ryan@Morton.com
